2144 3218
146 970 280 1014 sest-2
288 979 327 1020 3·

147 1023 352 1083 probi-25.

512 165 644 244 194
872 164 875 171 ·
931 147 1164 221 PARS
1211 150 1577 232 *rear-m

579 278 851 327 Dicendum
890 277 1043 345 igitur
1079 276 1279 346 superest
1301 294 1313 323 ε
1365 279 1513 328 Terrae
1543 293 1695 345 quam
1718 285 1869 336 ‘alluit
1912 287 2080 338 Mare-2

414 346 490 393 vbi
526 361 579 396 ea
611 359 892 411 generantur
930 347 1135 395 inditam
1167 344 1538 412 imbibitamque
1559 350 1644 396 effe
1672 349 2077 416 dispositionem„

408 413 470 460 ad
498 413 689 465 illorum
710 415 1094 480 generantionem
1132 426 1485 476 opportunam.
1528 419 1644 466 Haec
1678 418 1727 464 in
1764 437 1824 470 eo
1843 423 2077 487 praecipue:

410 482 494 529 sita
511 483 589 536 est,
609 484 744 548 quod
761 482 1009 530 materiam
1033 479 1424 533 formatricenb&
1444 484 1698 534 nutritioni
1718 490 2074 540 accomodam„

409 563 544 612 gerat
565 584 577 603 ,
598 565 742 615 qnam
763 548 901 613 supra
917 548 1261 599 infinuauimus
1280 549 1646 602 ratiocinatione
1680 554 1921 619 probabili
1953 560 2077 608 este)

408 617 599 667 succum
620 617 876 682 quemdam
899 650 914 676 ‚
938 617 1138 671 humido
1158 618 1348 667 mistum
1368 652 1381 672 ‚
1405 635 1458 669 ac
1480 634 1631 671 terreo
1648 654 1661 674 ‚
1700 635 2079 688 attemperantea

411 684 498 732 sale
522 686 776 750 nitroque.
827 689 954 735 Cum
995 700 1114 749 ergo
1149 683 1391 736 Indiarum
1417 691 1635 743 Oceanus
1656 689 1938 757 illarumque
1961 708 2079 756 prae-

410 752 551 818 cipue
574 787 589 807 ,
611 771 733 819 quas
774 753 920 815 vulgo
947 753 1213 804 Orientales
1238 786 1258 808 2.
1297 759 1342 803 &
1364 755 1600 808 Australes
1636 758 1842 809 dicimus
1885 757 1974 809 sale
2011 760 2083 807 ni-

411 834 584 888 troque
620 821 764 888 longe
786 822 1050 887 copiosiore
1069 821 1326 876 inficiatur,
1348 824 1467 888 quid
1487 826 1660 877 mirum
1690 827 1720 875 fi
1745 827 1898 877 ditior
1918 827 2083 876 Testa-

410 905 626 944 ceornm‚
644 906 786 955 atque
806 891 1006 941 feracior
1027 890 1133 950 aliis
1158 889 1366 940 Sinubus
1388 892 1762 957 deprehendatur
1786 897 1801 944 ?
1838 897 1940 942 Cur
1958 910 2085 943 mare

412 971 570 1007 autem
603 959 720 1008 illud
740 959 966 1009 salsedine
995 958 1149 1023 magis
1169 958 1451 1013 abundet,ac
1471 962 1598 1012 nitro
1619 997 1631 1016 ‚
1651 960 1888 1028 perquirit
1923 960 2015 1010 suis
2033 963 2082 1010 in

415 1027 798 1078 Problematibus
814 1026 1087 1077 Aristoteles
1113 1059 1126 1078 ‚
1148 1025 1492 1091 respondetque
1510 1065 1521 1083 ,
1545 1032 1660 1096 quia
1682 1047 1791 1081 cum
1810 1028 2085 1079 vastiffimus

413 1095 496 1143 ille
518 1110 748 1159 aquarum
769 1098 945 1145 trac-tus
966 1093 1262 1144 Australibus
1280 1096 1437 1145 ventis
1474 1102 1692 1148 omnium
1731 1096 1935 1146 maxime
1973 1114 2088 1146 con-

414 1163 605 1213 citetur,
626 1162 908 1213 admiscetur
924 1161 1080 1225 magis
1110 1173 1240 1208 terrae
1272 1164 1521 1225 particulis
1562 1166 1737 1216 adustis
1772 1199 1785 1219 ‚
1810 1171 1854 1212 δε
1872 1162 2087 1213 salnitro·

420 1233 478 1283 fis
503 1266 514 1284 ,
539 1247 594 1280 ac
613 1229 816 1296 proinde
838 1229 983 1280 salsus.
998 1228 1154 1291 magis
1179 1227 1385 1279 efficitur
1411 1235 1742 1299 aptiorque,vt
1758 1249 1847 1282 nos
1864 1232 2091 1285 dicimus,

419 1300 481 1352 ad
503 1300 781 1349 Ostreorum
803 1295 1160 1364 generationem
1183 1327 1196 1340 .

558 1372 730 1419 Earum
752 1366 810 1415 de
827 1364 962 1417 causa
993 1365 1382 1429 generantur-„ibi
1405 1366 1618 1415 Testacea
1662 1366 1892 1415 varietate
1923 1365 2096 1415 maiori

422 1437 669 1486 coloribus
699 1436 936 1501 picturata
961 1466 974 1487 ,
995 1431 1163 1497 nempe
1188 1432 1246 1490 ijs
1269 1431 1317 1480 in
1342 1433 1556 1483 maribus
1573 1432 1888 1483 admiscentur
1908 1435 2063 1498 magis
2079 1466 2094 1486 .

425 1517 529 1553 tum
547 1505 681 1554 sales,
705 1519 809 1552 tum
827 1500 1074 1550 mineralia
1104 1497 1287 1548 diuersa
1323 1502 1558 1561 paulatim
1602 1502 1834 1551 abrasa'in
1877 1515 2005 1549 terrae
2027 1501 2095 1549 vi-

426 1570 632 1622 sceribus
649 1583 783 1619 tanta
813 1566 1137 1618 illavndarnm
1159 1564 1430 1626 agitatione
1451 1568 1713 1615 commotis
1733 1584 1746 1620 3
1771 1581 1874 1616 tum
1904 1569 2095 1615 etiam-³

427 1640 750 1689 exhalationes
770 1670 782 1690 ‚
807 1635 973 1696 ijsdem
992 1631 1308 1696 qualitatibus
1340 1634 1556 1682 obnoxia:
1586 1664 1597 1682 ‚
1644 1648 1698 1680 ac
1714 1633 1920 1694 proinde
1951 1635 2000 1680 in
2035 1636 2095 1692 ijs

427 1707 730 1772 Regionibus
752 1703 907 1766 magis
925 1696 1162 1747 maculosa
1198 1710 1441 1747 marmora
1477 1697 1651 1746 infecta
1687 1698 1929 1747 coloribus
1951 1702 2101 1749 consr-

426 1776 625 1825 milibus
650 1808 663 1826 ‚
703 1772 880 1837 quibus
921 1769 1080 1816 multae
1107 1764 1386 1813 Ostreorum
1427 1765 1556 1815 testae
1582 1764 1798 1815 videntur
1836 1765 2054 1830 adspersae
2076 1776 2093 1818 ι’

428 1849 504 1893 Ita
522 1844 571 1893 in
595 1840 841 1891 littoribus
883 1831 1220 1899 Drepanitanis
1238 1863 1253 1884 ‚
1301 1831 1379 1879 vbi
1417 1831 1802 1884 candidissimum
1825 1849 2034 1882 marmor
2072 1833 2099 1882 ἐ

429 1912 593 1961 natiua
613 1923 728 1958 vena
750 1904 982 1955 exciditur
1003 1935 1016 1954 ,
1063 1908 1108 1950 δε
1141 1915 1289 1950 arenae
1328 1897 1434 1964 ipsae
1475 1901 1707 1950 Alabastri
1743 1900 1995 1950 candorem
2030 1902 2103 1949 in-

430 1980 587 2030 duunt
606 2011 620 2036 ‚
638 1977 859 2027 oriuntur
873 1968 1198 2022 candid-iffirna
1218 1967 1431 2018 Testacea
1465 1985 1674 2032 num.71.
1701 1968 1864 2018 Claffis
1887 1969 2092 2032 secundae

431 2046 750 2100 adumbrata.·
793 2038 951 2105 Prope
971 2036 1203 2088 Siracusas
1227 2036 1533 2087 extrahuntur
1557 2037 1583 2087 ἑ
1599 2036 1718 2086 mari
1752 2037 1945 2086 minora
1973 2038 2098 2085 illa.)

432 2116 663 2168 Testacea
681 2127 836 2173 num.3
848 2111 899 2159 6.
927 2105 1109 2169 Clas-3..
1145 2105 1380 2154 delineata
1415 2106 1554 2166 varijs
1579 2103 1823 2166 conspersa
1857 2105 2058 2154 maculis
2084 2137 2098 2159 ‚

433 2199 484 2234 vt
503 2180 703 2248 Iaspidis
728 2214 740 2233 ‚
765 2181 847 2244 qui
872 2177 922 2225 in
941 2175 1073 2225 illius
1095 2171 1226 2225 terrae
1252 2172 1505 2222 visceribus
1524 2183 1835 2236 generantur.

571 2248 706 2300 Adde
727 2267 739 2295 :
777 2242 1069 2312 frigidiffimi
1090 2241 1447 2306 temperamenti
1485 2239 1699 2289 Testacea
1756 2253 1911 2287 amare
1946 2253 2097 2301 aquas

433 2318 686 2370 calidiores
707 2311 1092 2382 ‘pinguioresque
1119 2337 1152 2365 ‚⁴
1173 2323 1224 2358 vt
1246 2309 1416 2359 melius
1457 2308 1722 2356 nutriantur
1741 2339 1754 2352 .
1818 2311 1871 2353 In
1890 2306 2100 2354 maribus

432 2400 596 2437 autem
613 2400 715 2436 tum
739 2383 919 2434 Indicis
941 2414 955 2436 ‚
988 2394 1092 2432 tum
1119 2374 1506 2430 Meridionalibus
1531 2408 1543 2427 ‚
1570 2391 1672 2438 quae
1690 2376 1968 2437 plerumque
1989 2371 2099 2444 sunt·

433 2455 649 2504 membra
671 2451 882 2518 sinusque
912 2449 1110 2501 Oceani,
1125 2446 1302 2498 minori
1324 2445 1515 2495 dulcore
1540 2447 1568 2491 a
1600 2441 1756 2500 fluuijs
1776 2439 1992 2492 conditi,
2014 2453 2101 2503 qur

436 2525 490 2572 in
511 2537 564 2573 ea
580 2537 810 2588 aquarum
832 2519 1158 2574 immensitate,
1176 2528 1348 2564 nomen
1370 2513 1505 2560 simul
1524 2525 1631 2560 cum
1657 2509 1794 2572 aquis
1818 2507 2096 2583 deperdunt·

438 2591 679 2642 densiores
701 2589 806 2642 sunt
843 2605 996 2659 aquae,
1017 2586 1231 2653 adeoque
1265 2579 1514 2633 nutritiuae
1558 2578 1713 2643 magis
1749 2574 1992 2642 magisque
2029 2588 2104 2622 ca-

439 2659 582 2712 udae.

1894 2977 2054 3025 PRO-
