2144 3218
645 158 994 249 CLASSIS
1075 156 1152 229 1‘1
1177 158 1249 232 10·
1512 185 1548 230 ἰ
1567 186 1636 247 51

90 318 218 389 274
283 299 498 370 Purpura
518 291 850 370 lichinophora
875 295 971 346 fine*
991 295 1218 346 Echinata
1238 328 1251 349 ,
1281 296 1342 345 fic
1369 293 1493 344 dista
1510 296 1539 343 a
1560 295 1734 347 validis

82 387 93 394 -
317 366 489 411 aculeis
524 376 572 409 in
587 378 741 425 prima
780 363 1207 414 circumuolutione
1241 364 1558 411 eminentibus
1577 400 1589 414 .
1642 369 1748 428 Ap-

85 427 286 490 pellatur
307 430 452 479 etiam
468 444 734 480 marmorea
755 433 780 478 ἐ
797 431 909 480 testa
925 430 1186 497 ponderosa
1203 464 1215 484 ,
1243 436 1286 478 &
1307 430 1423 478 dura
1441 464 1452 477 .
1506 436 1574 479 Vt
1595 431 1744 493 pluri-

85 509 222 543 mum
258 496 450 546 albescit
484 497 533 544 in
557 510 688 561 parte
731 499 988 552 exteriori,
1027 516 1130 564 quae
1153 498 1328 563 partim
1351 496 1535 544 videtur
1568 500 1742 546 malleo

85 563 300 638 contusa,
320 565 494 630 partim
517 564 567 611 in
589 565 815 628 puluillos
836 579 989 614 tumet
1009 598 1021 617 ‚
1069 567 1165 614 oris
1187 578 1342 613 autem
1365 565 1549 613 labrum
1593 563 1739 627 spissis

87 625 207 689 strljs
227 631 438 695 asperum
461 631 581 682 mire
599 632 762 682 multis
786 633 833 682 in
852 634 969 684 locis
989 631 1374 698 circumplicatur
1401 666 1415 682 .
1451 636 1506 680 In
1528 630 1742 682 Adriati-

88 708 148 742 co
168 700 383 762 frequens
397 731 411 749 .
586 739 589 741 .

95 779 230 851 ‘275
300 767 653 831 Triangularem
677 768 795 816 hanc
814 773 1073 831 Purpuram
1091 768 1268 819 diceres
1288 802 1301 821 ,
1340 769 1373 816 fi
1391 765 1543 816 oculis
1560 763 1753 829 vsurpa··¹

335 851 424 895 res;
447 835 612 899 triplex
632 835 755 883 enim
790 836 836 881 in
858 834 1059 898 spatium
1083 835 1363 886 diuiditura
1397 833 1577 899 triplici
1596 832 1752 882 serie)

97 895 243 945 veluti
264 898 490 971 foliorum
513 936 526 955 2
546 902 723 967 quibus
742 902 804 950 est
825 903 1060 957 laciniam,
1082 917 1131 951 vt
1152 903 1357 968 crispatae
1384 904 1572 951 laCtucae
1591 899 1750 952 cilius,

99 965 198 1014 fine
224 967 417 1020 brassica
455 974 720 1024 cucullata,
759 985 814 1019 ac
856 971 890 1019 fi
923 970 1105 1034 lapidea
1147 971 1344 1020 materia
1376 985 1470 1018 non
1492 966 1742 1017 constaret.

96 1035 166 1079 Ex
184 1035 367 1084 Perfico
391 1040 489 1087 finu
511 1039 674 1087 habita
714 1039 834 1088 inter
862 1038 978 1087 alias
999 1037 1152 1101 magis
1176 1037 1438 1102 speetabilis
1460 1069 1474 1087 ‚
1495 1042 1538 1083 &
1567 1049 1713 1082 rara-1
1737 1067 1752 1083 .

96 1102 276 1174 Colore
294 1103 518 1158 flauescit,
535 1106 761 1169 lineisque
783 1105 1048 1155 transuersis
1086 1104 1365 1170 ferrugineis
1391 1102 1749 1165 distinguuntur

88 1167 270 1231 cnsp&
289 1172 466 1234 quibus
487 1174 794 1237 vndequaque
813 1187 1030 1237 rugatur,
1049 1186 1245 1237 excepto
1264 1169 1616 1223 oreadmodum
1633 1169 1743 1222 leui,

95 1236 143 1280 δε
162 1235 299 1286 roseo
314 1240 375 1287 ad
391 1240 751 1303 amethystinum
769 1241 1346 1304 propendente2colorato.

101 1311 238 1387 276
306 1313 522 1370 Purpura
536 1309 711 1370 pariter
730 1308 1031 1372 triangularis
1053 1340 1066 1359 ,
1087 1306 1165 1355 sed
1183 1310 1342 1357 colore
1361 1320 1516 1356 terreo
1535 1303 1594 1353 ab
1625 1314 1755 1352 aute-

242 1384 245 1385 ’
338 1376 525 1422 cedente
545 1374 741 1426 diuersa,
763 1391 857 1423 non
882 1389 1038 1424 tamen
1056 1375 1215 1440 pretio
1235 1375 1390 1427 vilior,
1414 1371 1619 1424 eiusdem
1643 1372 1755 1418 laci-

97 1442 284 1493 niarum
302 1455 505 1490 extrema
525 1442 816 1490 Anthracina
837 1442 1078 1504 nigredine
1111 1442 1313 1492 saturata
1331 1477 1345 1488 .
1381 1446 1456 1491 Os
1477 1439 1573 1489 fere
1589 1451 1756 1486 rotun-

99 1510 234 1562 dum,
256 1510 439 1557 labrum
462 1509 819 1570 cartilagineum
838 1508 976 1569 supra
1002 1508 1234 1555 maiorem
1269 1508 1436 1556 orbem
1453 1508 1754 1571 aliquantum

96 1576 367 1625 extenditur
380 1606 395 1624 .

75 1706 79 1710 ,
102 1665 234 1729 277
305 1649 524 1714 Purpura
540 1673 552 1692 ‚
575 1654 671 1705 qua
689 1645 815 1691 Mare
841 1640 1058 1691 Rubrum
1078 1640 1289 1691 abundat
1308 1675 1323 1698 ,
1341 1643 1462 1691 vltra
1481 1636 1760 1690 transuersas

337 1711 522 1773 crispas,
545 1708 721 1773 quibus
742 1722 941 1773 rugatur
955 1741 972 1766 ,
988 1710 1224 1773 plurimos
1252 1710 1396 1759 veluti
1414 1709 1616 1759 cortices
1641 1705 1761 1753 alios

100 1785 206 1848 alijs
226 1777 610 1843 superimpositos
629 1776 833 1825 ostendit
853 1810 868 1824 .

74 1859 89 1914 j
236 1849 332 1900 Hic
352 1860 448 1892 non
465 1844 773 1894 iniucundum
815 1845 918 1894 fore
944 1844 1185 1899 arbitror,
1213 1845 1347 1911 quod
1379 1843 1650 1893 Aristoteles
1673 1873 1685 1891 ,
1719 1843 1766 1885 &

110 1919 292 1971 Plinius
313 1917 369 1963 de
389 1912 616 1972 Purpuris
653 1926 987 1966 narrauerunt3
1009 1927 1167 1961 earum
1197 1913 1416 1962 videlicet
1431 1913 1574 1960 vitam
1591 1909 1768 1972 septem

110 2000 343 2038 annorum
362 1977 515 2042 spatio
530 1979 742 2039 protrahi
762 2013 775 2030 ,
796 1994 896 2028 eam
1014 1994 1170 2043 patere
1192 1996 1274 2044 per
1287 1981 1421 2029 >orbes
1458 1979 1619 2043 quibus
1662 1979 1769 2023 toti-

108 2058 340 2118 dermquot
360 2061 492 2093 annos
515 2043 681 2094 habent
700 2045 969 2100 tefla‚ineort
1003 2049 1311 2095 'cuniculatim
1329 2051 1378 2093 in
1403 2046 1671 2107 crepidinem
1697 2043 1774 2087 de-

104 2121 211 2183 finit
231 2153 244 2166 .
281 2123 346 2165 At
363 2108 630 2160 Aristotelis
653 2109 880 2158 sententiae
900 2109 1070 2160 Fabius
1097 2114 1336 2158 Columna
1359 2109 1597 2158 auersatur
1614 2141 1627 2153 .
1678 2109 1772 2155 Hic

99 2178 232 2234 *enim
253 2185 302 2231 in
323 2176 455 2230 breui
477 2176 534 2224 de
560 2183 773 2240 Purpura
795 2181 1011 2226 Traehtu
1032 2178 1236 2228 notauit,
1262 2183 1482 2241 Purpura·
1509 2175 1650 2224 vitam
1670 2178 1777 2238 plu-

109 2254 241 2301 ribus
262 2249 395 2299 annis
430 2244 559 2292 finiri
596 2261 742 2308 quam
764 2245 955 2295 orbium
974 2243 1110 2307 spiris
1131 2244 1292 2292 testam
1314 2278 1329 2290 .
1371 2244 1468 2303 Alij
1494 2258 1589 2290 non
1609 2256 1662 2288 ex
1695 2258 1774 2290 ora

104 2320 247 2370 bibus
265 2314 550 2383 arguendam
568 2326 741 2376 putant
759 2346 774 2366 ,
814 2312 894 2361 sed
911 2329 964 2361 ex
982 2311 1261 2363 corticibus,
1282 2328 1390 2360 cum
1416 2309 1612 2374 singulis
1634 2311 1770 2357 aunis

105 2403 182 2437 eas
209 2403 341 2436 nouo
386 2380 662 2445 superindui
696 2380 888 2429 credant
925 2413 939 2429 .
997 2385 1172 2429 Verum
1223 2394 1334 2428 meo
1362 2378 1558 2443 quidem
1591 2377 1775 2425 iudicio

108 2466 413 2518 vtrorumque
437 2449 713 2512 opinionem
750 2448 974 2513 magistra
997 2447 1213 2496 omnium
1246 2446 1534 2511 experientia
1571 2443 1743 2493 refellit
1762 2479 1776 2492 0

111 2523 219 2586 Egi>
238 2521 362 2569 enim
382 2519 503 2566 inter
520 2516 788 2565 innumeras
829 2516 948 2581 pene
978 2521 1296 2579 Purpurarum
1336 2515 1475 2564 testas
1497 2513 1545 2560 in
1578 2512 1781 2563 diuersis

108 2591 258 2640 maris
281 2586 470 2637 finubus
491 2583 773 2648 diuersoque
796 2585 845 2631 in
880 2586 1017 2633 litore
1049 2596 1256 2648 repertas
1278 2585 1456 2632 nullam
1482 2578 1777 2630 obseruare-³

107 2673 316 2722 vnquam
336 2653 515 2720 potui,
551 2668 660 2716 quae
699 2655 820 2700 vltra
839 2653 1053 2716 quinque
1086 2651 1280 2699 orbium
1317 2648 1779 2699 circumuolutiones

105 2724 402 2775 excresceret,
422 2721 555 2769 vnica
574 2733 765 2783 excepta
792 2754 807 2773 ‚
831 2736 974 2783 quam
1010 2735 1139 2767 num.
1169 2726 1281 2775 276.
1313 2717 1593 2766 delineatam
1612 2716 1776 2779 posui-

105 2810 211 2842 mus
232 2827 244 2840 .
280 2794 364 2840 Illa
385 2789 513 2837 enim
529 2787 787 2852 prototipo
810 2786 1011 2836 omnino
1052 2786 1243 2849 aequalis
1280 2784 1455 2849 septem
1479 2785 1679 2834 orbibus
1723 2782 1782 2830 fi-

103 2862 237 2910 nitur
256 2891 271 2911 ,
316 2858 583 2921 septemque
623 2854 800 2919 pariter
827 2855 1242 2918 comprehenditur
1267 2858 1415 2903 altera
1432 2886 1446 2910 ‚
1486 2868 1632 2917 quam
1651 2850 1779 2914 apud

103 2944 180 2983 me
205 2927 358 2979 habeo
378 2923 577 2976 omnino
593 2923 811 2978 similem,
838 2923 950 2975 licet
971 2926 1101 2974 mole
1119 2921 1269 2987 triplo
1285 2921 1783 2996 minorenuvtraquea

1602 2999 1714 3034 vero
