2144 3218
768 114 974 190 CAP.
1023 115 1111 184 X0‘
1540 132 1624 202 71

60 259 251 310 habens,
270 272 372 321 quae
396 255 455 304 ad
478 253 620 302 vitam
644 250 870 301 tuendam
908 250 1016 300 satis
1040 249 1122 298 effe
1145 249 1338 314 possent,
1360 252 1531 302 alienas
1550 249 1726 298 domos

62 339 238 390 quaerat
262 324 309 371 in
328 323 504 388 quibus
547 324 692 368 latens
717 320 847 367 viuat
866 352 877 368 .
930 326 1104 370 Verum
1123 318 1401 381 prudentem
1436 319 1602 383 potius
1638 318 1728 364 du-

62 393 210 440 xerim
243 408 348 440 cum
372 390 615 438 Aristotele
641 421 653 439 ,
679 387 811 451 quod
850 387 1001 435 nudas
1022 419 1032 437 ‚
1064 392 1107 433 ἃ
1129 385 1320 434 iniuriae
1340 387 1472 436 valde
1493 398 1729 450 opportu-

60 475 143 510 nas
163 460 347 522 aliquas
372 458 393 504 s
393 458 439 506 ui
463 469 616 521 partes
634 454 818 506 dum&
839 454 972 502 firma
992 453 1104 502 testa
1120 454 1320 504 muniat,

197 526 331 593 (ξι)εὶ
349 539 506 573 autem
543 521 796 570 dicendum
841 520 896 567 fit
923 521 981 568 de
1005 521 1167 568 Pinnis
1200 521 1379 569 Lectori
1418 518 1728 571 iudicandum

64 593 298 656 relinquo,
313 594 343 640 si
361 605 515 639 tamen
537 604 640 637 vera
655 587 779 641 sunt,
795 604 900 650 quae
921 587 979 634 de
1000 587 1093 635 illis
1115 587 1300 636 Plinius
1321 587 1469 637 ass'crit
1488 623 1502 636 .
1535 593 1731 636 Illarum

66 661 292 707 videlicet
321 659 453 706 testas
480 659 507 706 a
539 655 752 704 canchris
769 653 928 717 paruis
969 655 1171 703 habitari
1194 687 1206 709 ‚
1227 654 1385 719 eisque
1419 656 1468 703 in
1487 652 1730 718 capiendis

64 725 302 787 pisciculis
332 725 509 774 auxilio
525 723 609 771 effe
631 755 648 772 .
686 722 884 770 Pinnam
909 722 1032 768 enim
1073 720 1230 769 scribit
1259 722 1505 787 Oppianus
1540 723 1588 768 in
1631 733 1734 767 ma-

69 795 177 857 gnis
198 792 325 840 testis
345 793 426 840 ess'e
445 788 731 840 imbecillem
763 788 854 836 fine
878 802 1051 840 mente,
1072 795 1115 836 δε
1136 788 1228 837 fine
1271 790 1425 839 oculis
1445 821 1457 842 ‚
1483 787 1733 850 ideoque)

68 859 303 922 hospitem
328 874 547 908 cancrum
583 856 792 921 excipere
809 888 824 907 2
845 855 873 904 a
891 872 989 920 quo
1008 856 1166 905 morsu
1204 857 1500 906 admonitam
1523 888 1535 907 ‚
1575 870 1733 902 cum.)

67 925 217 976 Piscis
233 926 396 975 testam
414 925 558 977 subit,
574 925 703 973 illam
724 922 937 973 claudere
956 956 968 975 ‚
986 923 1286 988 praedamque
1304 937 1603 976 communem
1641 920 1732 968 in„-

67 1006 176 1040 tuto
191 992 378 1056 depasci
398 1026 411 1043 ‚
438 991 557 1040 vnde]
594 990 913 1054 Pinnophilax
928 1003 1121 1040 vocatus
1163 994 1225 1038 cst
1250 1027 1264 1040 .
1318 999 1634 1062 Qpropter
1657 1001 1735 1035 tu·
1756 990 1825 1043 ρ

67 1058 214 1107 tiores
255 1061 463 1107 viuerent
484 1058 657 1109 Ostreae
682 1058 714 1106 fi
747 1058 889 1107 etiam
925 1058 975 1106 in
992 1057 1196 1122 ipsarum
1223 1060 1359 1119 ,testis
1398 1058 1554 1108 socius
1575 1054 1735 1106 similis

65 1125 302 1174 habitaret
322 1143 334 1179 ;
371 1125 645 1190 opportune*
669 1125 791 1174 enim
811 1125 1067 1173 admonirae
1083 1126 1219 1174 testas
1240 1162 1251 1182 ,
1272 1141 1454 1193 apertas
1469 1127 1530 1175 ad
1561 1139 1735 1188 aquam

71 1192 379 1242 hauriendam
415 1193 685 1242 clauderent
707 1226 721 1245 ,
751 1210 860 1241 cum
883 1209 1045 1241 cancer
1083 1193 1295 1258 lapillum
1332 1194 1478 1243 chelis
1498 1206 1736 1255 arreptum

72 1259 122 1306 in
160 1274 238 1307 eas
256 1261 476 1307 immittit
494 1293 508 1316 ,
545 1275 702 1322 eoque
723 1258 928 1321 impedit
951 1275 1004 1306 ne
1026 1261 1247 1309 claudant
1267 1295 1283 1315 ,
1313 1260 1485 1309 deinde*
1509 1257 1733 1324 ingress'us

75 1341 238 1373 earum
269 1341 426 1373 carnes
446 1326 739 1389 depraedatur
760 1359 775 1372 .
808 1327 901 1373 Hic
922 1326 1042 1374 adde
1079 1328 1435 1378 Echinometras
1459 1361 1474 1382 ‚
1496 1346 1597 1393 quae
1625 1327 1733 1374 sem-

73 1407 159 1456 per
178 1392 303 1441 testis
321 1392 505 1439 inclusae
546 1393 703 1452 longis
718 1392 892 1438 aculeis
915 1407 1175 1443 armantur,
1191 1397 1366 1458 quibus
1387 1409 1578 1443 Vtuntur
1597 1428 1609 1447 ‚
1635 1409 1743 1457 per-

71 1457 201 1508 inde,
229 1473 285 1506 ac
305 1458 510 1520 pedibus
531 1473 544 1508 3
579 1458 650 1506 his
670 1457 793 1502 enim
832 1456 1100 1505 nitibundae
1123 1473 1376 1510 mouentur
1395 1494 1408 1514 ‚
1447 1460 1736 1526 sedemque)

73 1537 346 1588 permutant
363 1525 413 1571 in
433 1524 613 1572 Orbem
645 1522 687 1571 se
710 1523 954 1571 mouendo
973 1556 986 1576 ‚
1026 1525 1161 1575 cuius
1180 1528 1246 1576 rei
1279 1542 1608 1593 argumentum
1630 1529 1739 1578 Ari-

71 1591 229 1639 stoteli
266 1589 360 1640 fuit
379 1624 391 1644 ,
411 1590 548 1655 quod
573 1590 759 1638 detritis
795 1590 912 1654 iaepe‘
929 1591 1099 1640 aculeis
1122 1593 1426 1647 inueniuntur
1451 1631 1467 1650 2
1488 1604 1531 1646 &
1553 1596 1737 1664 semper

72 1658 257 1723 aliquid
279 1661 400 1720 algae
418 1657 510 1707 suis
531 1658 673 1721 spinis
692 1658 951 1719 implexum
973 1674 1142 1722 gerunt
1158 1696 1175 1710 .

202 1724 448 1773 Eiusmodi
471 1738 627 1773 autem
650 1724 974 1773 vProuidentiae
1008 1742 1153 1790 opera
1174 1728 1449 1781 necessitatis
1469 1730 1725 1779 subsidium

72 1791 155 1839 effe
186 1791 217 1839 {i
238 1793 347 1856 quis
372 1791 518 1843 dicat,
539 1792 617 1840 cui
649 1793 1073 1855 Naturafopitulari
1097 1807 1282 1844 tenetur
1308 1831 1320 1850 ,
1343 1799 1559 1862 adeoque
1582 1798 1735 1847 admi-

67 1859 251 1906 ratione
269 1859 425 1909 minus
463 1858 609 1920 digna
628 1891 642 1910 ‚
677 1860 779 1908 haec
794 1858 1013 1922 profesto
1033 1859 1246 1912 debenda
1269 1865 1359 1913 erit
1381 1869 1587 1917 Nautilo
1604 1899 1618 1918 ,
1654 1864 1734 1913 cui

66 1924 431 1989 pulcherrimam
464 1924 627 1972 testam
650 1942 745 1974 non
774 1924 1074 1976 Munimento
1100 1928 1287 1979 tanturn
1313 1936 1495 1983 Natura
1527 1932 1699 1981 adiecit
1718 1964 1734 1986 ,

71 1992 151 2039 sed
177 1990 420 2040 venustati
443 2005 458 2041 ;
492 1990 540 2036 in
564 2007 673 2054 qua,
699 1992 890 2040 velutin
915 1994 1026 2042 naui
1043 2010 1293 2060 argentea,
1321 1999 1572 2062 naufragio
1603 2000 1730 2046 haud

74 2058 284 2107 obnoxia
308 2072 389 2119 per
429 2056 610 2105 summa
652 2059 793 2106 maris
816 2055 1043 2120 spatiatur
1065 2093 1079 2111 ‚
1115 2065 1459 2126 remigantibus
1499 2067 1736 2113 interim-2

74 2123 358 2189 quibusdam
391 2121 597 2181 brachijs
618 2155 633 2179 ‚
667 2137 753 2172 aut
771 2136 1019 2173 ventorum
1057 2125 1193 2177 flatus
1212 2132 1471 2187 excipiente
1506 2134 1741 2181 membra-

72 2194 200 2244 nula,
222 2206 369 2254 quam
391 2191 450 2238 ad
474 2188 806 2239 velificandum
827 2191 1051 2244 extendit,
1077 2198 1145 2242 vel
1168 2189 1325 2246 statim
1357 2198 1581 2263 crispat,fi
1609 2199 1733 2248 forte}

77 2258 287 2322 aliquem
308 2258 606 2306 insidiantem
628 2258 779 2307 oculis
797 2256 1341 2330 deprehendat‚petitque
1358 2266 1500 2317 maris
1518 2267 1739 2321 fundum,

76 2325 157 2374 vbi
183 2328 291 2374 tuto
310 2322 571 2375 stabulatur
590 2359 604 2372 .

203 2393 292 2441 Sed
311 2393 532 2442 omnium
552 2390 868 2456 proprietates
906 2389 1129 2460 prosequi
1155 2400 1268 2446 velle
1287 2398 1465 2449 infiniti
1487 2403 1592 2452 effer
1615 2406 1744 2468 Ope-

76 2458 288 2511 ris‚cum
310 2463 491 2525 fingula
514 2461 814 2509 Animalcula
847 2462 980 2525 aeque
1017 2479 1070 2511 ac
1118 2466 1322 2517 maxima
1354 2470 1543 2519 Diuinae
1578 2472 1748 2522 Proui-

78 2526 247 2574 dentiae
279 2541 554 2591 argumenta
586 2527 845 2592 patefacere
886 2530 1071 2578 homini
1113 2532 1290 2596 possint
1321 2563 1339 2590 ,
1373 2538 1509 2587 sicuti
1557 2539 1749 2589 ostreo⁴

75 2609 179 2641 rum
213 2597 399 2657 Species
420 2596 637 2644 vniuersae
657 2596 850 2644 eandem
886 2596 1102 2647 indicant
1120 2603 1324 2655 corrice,
1361 2622 1460 2669 quo
1482 2621 1706 2671 teguntur
1733 2643 1748 2662 ,

74 2659 172 2708 flue
192 2663 348 2725 aptius
374 2666 541 2728 loquar
569 2696 580 2715 ‚
602 2662 946 2712 comuniuntur
968 2697 980 2716 ,
1015 2680 1236 2731 tanquam
1256 2677 1377 2719 Arce
1393 2674 1601 2723 animata
1623 2709 1634 2728 ‚
1672 2679 1753 2724 cni

77 2730 336 2790 aptandum
362 2730 543 2779 videtur
562 2763 580 2787 ‚
617 2730 850 2794 quicquid
889 2732 946 2778 de
967 2735 1206 2784 Dauidica
1239 2740 1373 2787 Turri
1396 2747 1440 2789 S.
1457 2743 1740 2792 Ambrofius

80 2795 207 2843 dixit
232 2803 245 2841 't
266 2795 543 2846 fabricatam
567 2796 737 2860 nempe}
755 2797 887 2845 illam
914 2797 1044 2846 fuiffe
1063 2803 1266 2860 thfidio
1283 2813 1456 2870 pam-te,-
1480 2842 1496 2868 ,
1525 2817 1580 2863 &⁴
1606 2818 1757 2860 ΒΜ),
1791 2838 1812 2884 ¹

76 2878 118 2915 ra
140 2895 152 2907 .
193 2868 368 2913 Decori
408 2865 602 2931 quidem
637 2866 703 2915 ob
722 2864 1014 2923 venustatem
1058 2868 1151 2918 siue
1173 2873 1395 2925 tolosum
1420 2909 1430 2929 ²
1475 2878 1571 2934 sm&
1594 2882 1756 2929 formae
1819 2846 2016 2907 affirm

1590 2949 1698 3012 pul.
