2144 3218
780 146 982 217 CAP.
1027 143 1209 214 xm
1599 112 1728 211 ει

110 292 393 338 decorantur
433 320 445 332 .
509 281 623 347 Egit
645 281 738 329 hoc
761 280 884 328 inter
906 291 1094 327 caereras
1127 275 1259 323 Diua
1285 276 1492 325 Elisabet
1514 280 1625 325 Hun
1638 271 1778 338 gariae

111 344 258 419 Regis
287 353 417 402 Filia,
448 355 491 397 &
518 349 770 413 Langrauij
806 353 955 403 onr,
972 360 1082 393 cum
1106 341 1155 389 in
1175 347 1374 406 Templo
1408 343 1682 407 Margaritis
1703 373 1716 392 ‚
1737 345 1782 386 δε

111 422 317 486 gemmis
339 418 504 468 onusta
542 414 796 481 patibulati
817 412 1045 464 Numinis
1077 408 1282 474 effigiem
1306 412 1462 475 plagis
1494 423 1780 460 cruentarum

111 490 364 553 inspiciens
386 520 398 538 ,
450 485 669 534 vanitatis
700 482 889 548 pertaesa
907 513 921 533 ‚
944 480 1265 542 pietatemque
1286 478 1452 527 edocta
1488 480 1536 524 in
1567 477 1779 525 testimo·
1798 486 1994 536 sandeusl
2012 511 2035 548 ς

115 557 246 604 nium
269 551 557 617 poenitentiae
574 585 586 609 ,
607 567 716 615 quae
740 550 926 597 fuerant
942 545 1141 595 Mundi,
1157 550 1201 591 δε
1221 545 1375 594 carnis
1398 561 1543 598 arma,
1566 543 1780 593 malitiae-
1814 557 2006 601 pag.3e4³

117 639 211 686 que
230 622 548 672 instrumenta,
564 633 651 680 pro
688 614 978 664 tabernaculi
1009 612 1299 660 ornamentis
1319 614 1428 660 Deo
1453 612 1657 676 Optimo
1682 616 1782 661 Ma·

120 692 254 737 ximo
273 686 519 746 dedicauit
542 718 554 730 .

159 757 162 759 ’
202 761 206 766 ’
271 759 393 804 -Non
430 746 581 816 igitur
620 746 832 799 humano
871 745 1047 797 Generi
1072 757 1168 794 tam
1206 745 1339 794 variae
1371 779 1384 798 ,
1419 761 1473 794 ac
1494 746 1780 807 multiplices

118 822 499 886 conchyliorum
525 819 695 882 species
718 819 779 866 ad
802 818 1019 866 inutilem
1038 828 1265 877 pompam
1306 818 1490 863 Natura
1517 813 1748 876 produxit
1769 844 1784 863 ,

118 885 281 935 sed¹ad3
295 888 552 936 laudabiles
593 886 695 935 vsus
718 919 731 938 ‚
774 886 896 932 inter
935 896 1059 946 quos
1085 912 1097 931 ‚
1124 884 1197 928 vel
1219 881 1382 929 vnicus
1404 880 1530 928 iliani
1572 877 1779 927 maxime

111 956 460 1002 commendaret
485 988 498 1011 ,
534 970 634 1017 qno
662 953 760 1001 eius
789 952 835 998 in
874 947 1188 1014 producendo
1213 946 1487 1012 prodigiosa
1521 945 1738 993 fertilitas
1758 978 1771 997 ‚

113 1022 228 1072 fiue‘,
257 1030 305 1069 sit
329 1021 480 1069 verius
507 1018 693 1082 loquar,'
714 1019 887 1067 Diuini
909 1015 1195 1067 Conditoris
1212 1016 1422 1070 Bonitas,
1443 1021 1485 1063 &
1500 1011 1783 1080 magnitudo

114 1089 258 1139 etiam
278 1089 326 1137 in
347 1088 509 1141 Rebus
529 1087 741 1136 minimis
776 1086 1037 1136 ostentatur
1060 1116 1072 1130 .

460 1252 662 1319 CAP.
722 1247 1404 1323 DVODECIMVM
1424 1292 1443 1311 .

120 1418 544 1492 Referuntur
573 1419 743 1484 varia
768 1408 1053 1493 Musca}
1097 1419 1162 1482 in
1189 1415 1435 1505 quibus
1462 1410 1793 1480 Cochlea—

301 1531 453 1578 rum
493 1556 512 1588 ‚
570 1512 642 1578 δε
689 1507 1134 1577 Concharum
1186 1506 1399 1576 Tessae
1448 1527 1605 1575 con·

758 1597 1150 1671 seruantur·

107 1767 254 1885 ET
285 1779 342 1810 ne
361 1761 611 1812 laudabilis
648 1762 722 1809 hic
746 1761 848 1810 vsus
886 1763 1105 1828 pretiosis
1145 1762 1348 1827 phaleris
1388 1761 1682 1825 personatam
1720 1772 1792 1804 vc-

248 1831 454 1883 ritatem,
485 1830 671 1893 alioqui
694 1831 976 1889 mendicam,
994 1832 1042 1879 in
1067 1832 1249 1880 scenam
1270 1831 1379 1878 dare
1402 1832 1512 1876 velle
1539 1825 1750 1872 videatur
1767 1858 1780 1876 ,

117 1897 246 1943 haud
265 1899 349 1945 abs
371 1915 416 1944 re
445 1900 653 1946 fut-urum
671 1898 857 1959 putaui,
883 1899 913 1946 ii
936 1899 1077 1951 varia,
1099 1905 1143 1946 &
1166 1897 1425 1946 celebriora
1452 1893 1611 1943 Musea
1637 1907 1790 1938 recen-

123 1961 264 2011 serem
302 1996 316 2015 ,
342 1963 391 2009 in
436 1963 611 2026 quibus
648 1963 769 2011 inter
808 1980 971 2014 caetcra
1009 1965 1109 2015 tum
1139 1970 1332 2015 Naturae
1353 1997 1366 2016 ,
1398 1964 1500 2011 tum
1521 1960 1652 2009 Artis
1675 1975 1790 2022 prae-

121 2032 245 2077 clara
286 2044 428 2092 opera
463 2031 684 2076 Cochleae
724 2029 856 2076 suum
890 2048 985 2079 non
1025 2033 1225 2096 indigne
1254 2035 1412 2080 locum
1433 2029 1744 2078 obtinuerunt
1771 2058 1785 2072 .

120 2099 181 2143 Et
200 2096 304 2144 sane
329 2110 481 2159 turpis
523 2096 704 2144 iniuriae
729 2109 845 2142 nota
868 2096 935 2142 illi
976 2096 1082 2143 effer
1108 2130 1121 2148 ‚
1163 2097 1249 2159 qui
1266 2113 1319 2143 ex
1333 2112 1392 2143 eo
1414 2096 1784 2157 vituperaretur?

121 2163 236 2225 quia
263 2163 415 2212 oculis
442 2163 687 2226 mentique
718 2177 793 2208 eas
817 2163 1017 2212 inaniter
1040 2162 1346 2226 proposuisset
1367 2195 1380 2214 ‚
1418 2177 1472 2209 ac
1497 2164 1529 2208 si
1552 2176 1658 2208 cum
1692 2164 1788 2208 Ne·

120 2246 235 2278 rone
257 2232 448 2293 pretiosi
475 2228 704 2294 temporis
742 2229 963 2277 iauuram
1007 2233 1176 2278 faceret
1215 2229 1462 2293 purpureis
1501 2226 1785 2289 aureisque-2

116 2298 292 2345 retibus
315 2297 567 2360 pisciculos
588 2299 699 2343 viles
719 2297 1002 2356 explicando
1028 2332 1040 2344 .
1082 2298 1333 2361 Indignum
1372 2295 1553 2360 quippe*
1579 2294 1785 2342 Homine

123 2365 183 2411 cst
203 2365 454 2413 inutilibus
493 2364 1001 2428 quaestionibus'totam
1020 2381 1221 2413 mentem
1243 2363 1547 2428 applicare‚vt
1579 2361 1783 2424 gloriam

117 2447 310 2479 omnem
333 2448 387 2479 ex
419 2434 475 2492 ijs
497 2434 824 2494 consequatur,
863 2446 912 2480 at
932 2433 1163 2481 laudabile
1186 2432 1444 2495 aliquando
1471 2431 1530 2477 ad
1564 2445 1615 2475 ea
1631 2428 1786 2475 diuer-

114 2511 210 2543 tCre
238 2531 251 2550 ³
292 2501 466 2561 quibus
490 2500 630 2562 poffit
657 2498 844 2547 animus
871 2501 1093 2548 obiectari
1117 2534 1129 2546 .
1165 2500 1300 2564 Qis
1332 2514 1416 2546 non
1460 2503 1649 2544 miretur
1672 2528 1683 2545 2
1722 2495 1788 2542 ait

119 2565 305 2613 Plinius
340 2567 397 2613 de
416 2570 623 2615 platanis
665 2571 864 2628 loquens
885 2600 898 2620 ,
920 2567 1125 2615 arborem
1145 2564 1316 2612 vmbria
1332 2571 1481 2626 gratia
1513 2561 1683 2610 tantiam
1731 2578 1788 2609 ex

116 2632 263 2678 alieno
284 2639 473 2695 petitam
511 2634 649 2682 oibe?
686 2633 853 2683 stultus
886 2634 1205 2683 Aristomacus
1231 2629 1322 2678 fuit
1343 2664 1355 2685 ,
1386 2629 1471 2694 qui
1510 2627 1788 2689 sexaginta-,2

118 2697 320 2744 duorum
359 2714 586 2749 annornm
628 2700 784 2763 spatio
832 2708 987 2765 Apum
1024 2715 1235 2750 naturam
1268 2731 1281 2752 ,
1335 2694 1570 2743 &mores
1608 2695 1790 2742 studuit

116 2764 395 2824 perscrutari
417 2783 429 2819 3
470 2769 636 2817 stultus
661 2768 987 2831 Eliogabalus,
1011 2771 1169 2832 qui‚vt
1191 2770 1414 2814 Romanae
1438 2763 1579 2813 Vrbis
1605 2762 1789 2825 magni·

118 2832 329 2879 tudinem
356 2833 601 2892 indicaret,
622 2842 920 2884 Araneorum
944 2843 1067 2884 telas
1103 2837 1148 2882 in
1172 2848 1391 2881 aceruum
1414 2830 1650 2894 ingentem
1696 2832 1793 2876 col-

113 2902 252 2949 lectas
298 2900 346 2946 in
385 2901 613 2953 domibus
652 2903 857 2966 priuatis
883 2937 894 2958 ‚
930 2904 1129 2967 publico
1155 2902 1202 2947 in
1242 2899 1353 2947 foro
1388 2896 1663 2968 propostiit;
1706 2911 1788 2941 nec

1132 2972 1165 3018 L
1569 2976 1725 3009 mino·
