2144 3218
435 0 578 82 ''ioz‘
815 13 1042 86 PARS
1087 17 1536 95 *SECVNDA

350 131 585 183 Pholades
608 130 636 179 a
661 134 841 183 Graecis
860 166 874 187 ,
906 153 1005 201 quo
1029 140 1219 187 nomine
1257 136 1329 186 'res
1345 139 1512 187 abdita
1546 140 1858 205 significatur.
1899 147 2002 193 Fre·

347 214 498 262 quens
519 197 580 245 est
606 198 654 246 iu
683 198 821 248 litore
842 206 1147 252 Anconitano
1167 235 1180 255 ,
1219 209 1264 252 &
1289 205 1580 254 Narbonensi
1600 225 1613 251 ε
1649 211 1852 260 latitudo
1876 211 2008 275 ‹ligi--

345 278 448 313 tum
482 280 591 312 cum
615 263 785 316 semisse
805 282 980 334 aequat,
999 271 1257 333 longitudo
1280 270 1374 318 fere
1401 271 1462 319 ad
1482 272 1691 322 medium
1725 281 1993 341 palmorum

349 331 646 381 extenditur.
683 336 1007 397 Componitur
1023 335 1209 387 duabus
1241 337 1368 386 testis
1403 353 1501 385 non
1526 337 1731 401 perfefie‘
1785 345 2001 393 inomni

346 411 478 463 parte
499 402 678 454 clausis,
695 415 849 449 vertex
878 404 1020 450 altera
1039 405 1167 467 quasi
1190 403 1338 453 bifida
1357 404 1594 453 clauditur
1611 435 1628 453 .
1685 407 1883 461 Albidus
1933 412 1998 460 est

344 466 398 514 in
419 480 550 530 parte
572 481 797 519 concaua,
829 466 1036 518 cinereus
1057 470 1105 517 in
1127 471 1326 535 gibbosa
1345 505 1357 526 ,
1379 487 1490 536 quae
1511 472 1755 522 reticulata
1774 479 1906 537 quasi
1928 494 2003 527 ve-

344 532 410 582 sse
437 534 740 583 circumte8ta
774 535 909 584 valde
952 551 1207 602 corrugata
1239 539 1303 588 est
1323 572 1336 592 ,
1385 545 1429 588 8<
1452 540 1645 602 quidem
1671 540 1876 604 asperior
1910 558 2004 593 εει-ι

345 612 500 664 parte,
517 615 613 665 qua
633 614 846 664 penetrat
868 602 1042 656 saxum,
1068 605 1116 653 in
1144 623 1244 671 quo
1271 607 1392 656 viuit
1414 641 1428 655 .
1467 612 1637 671 Sapore
1658 614 1866 671 palatum
1899 611 2003 661 alli·

344 669 433 720 cit,
449 669 790 732 humoremque
807 683 1034 734 tanquam
1055 671 1247 723 saliuam
1266 675 1445 724 emittit
1463 708 1477 728 ‚
1512 678 1598 739 qui
1614 678 1758 725 nofiu
1775 675 1896 725 adeo
1934 692 2003 724 re·

347 736 519 801 fulget,
535 749 584 785 vt
601 738 852 786 caratteres
864 738 1048 787 admoti
1071 741 1327 792 commode
1346 742 1712 808 distinguantur,
1736 742 1812 791 sed
1829 744 1884 791 de
1908 746 2001 795 hoe

349 803 495 854 fufius
521 806 640 852 inter
660 806 961 854 Problemata
980 808 1213 870 agendum
1242 843 1255 857 .

351 878 443 945 25
511 871 732 922 Eiusdem
751 873 911 923 Balani
927 873 1053 924 testae
1075 875 1391 928 diuerfimode
1418 879 1680 933 collocatae,
1703 883 1748 928 &
1784 893 2008 942 apparen-

544 955 613 989 tes
637 974 650 987 .

357 1031 445 1096 27
511 1010 616 1057 Saxi
636 1007 967 1070 fragmentum,
987 1007 1035 1056 in
1054 1026 1153 1073 quo
1173 1016 1370 1064 Balanus
1383 1018 1650 1078 generatur,
1670 1026 1769 1077 cap.
1792 1025 1837 1074 ς.
1854 1011 2009 1076 partis

546 1077 715 1139 primae
736 1072 845 1122 satis
869 1075 1180 1125 examinatum
1205 1112 1219 1124 .

356 1149 442 1214 28
513 1143 751 1192 Daffilus,
774 1140 925 1189 ἀίξῃ-ιε
945 1143 974 1189 a
1000 1140 1152 1192 frustu
1173 1147 1363 1197 Palmae,
1384 1153 1463 1194 cui
1475 1144 1748 1193 affimilatur
1770 1177 1785 1197 ,
1807 1145 2010 1194 tunica-³

548 1209 708 1259 subtili
728 1206 1093 1272 circumtegitur
1114 1214 1272 1259 colore
1294 1211 1507 1261 castaneo
1523 1240 1540 1261 0
1569 1211 1805 1261 Pholades
1820 1212 2010 1261 etiam-2

351 1288 548 1325 vocatur
565 1275 591 1326 a
611 1275 803 1326 latendo
837 1276 954 1341 quia
972 1309 986 1330 ,
1026 1290 1076 1324 vt
1093 1282 1292 1329 Balanus
1312 1280 1441 1328 ⁴intra
1465 1277 1562 1328 saxi
1588 1278 1759 1327 viscera
1773 1279 1977 1329 nascitur
1999 1311 2014 1332 ,

352 1343 432 1391 sed
454 1360 547 1392 non
563 1344 686 1393 ‚adeo
719 1343 860 1391 duri.
900 1348 1133 1404 Frequens
1166 1346 1229 1392 est
1259 1346 1307 1392 in
1328 1349 1492 1394 multis
1537 1345 1689 1393 Italiae
1725 1346 1975 1395 littoribus
1995 1378 2011 1398 ,

358 1410 484 1458 binis
505 1412 630 1460 testis
647 1410 901 1459 subtilibus
928 1424 1018 1457 vna
1039 1408 1171 1458 alteri
1190 1425 1410 1476 coaptata
1427 1410 1622 1466 constat,
1644 1412 1773 1462 intus
1796 1412 1914 1463 leuis
1931 1427 2011 1462 co-

355 1484 456 1530 lore
480 1478 659 1531 albido,
680 1481 745 1526 vel
765 1477 951 1526 cinereo
968 1509 983 1522 .

360 1581 395 1623 2
521 1547 738 1597 Daesilus
759 1560 858 1592 non
881 1541 1116 1592 dissimilis
1136 1547 1312 1597 colore,
1336 1542 1413 1591 sed
1431 1546 1779 1611 aliquantulum
1802 1544 2014 1609 figura-v,

407 1588 448 1638 9
552 1614 737 1664 nascens
761 1612 808 1659 in
827 1612 946 1660 locis
969 1612 1169 1659 arenosis
1190 1645 1203 1658 .

397 1713 441 1761 Ο
510 1680 748 1732 Musculus
764 1680 940 1728 dicitur
977 1678 1079 1727 haec
1099 1677 1297 1728 Concha
1315 1678 1343 1724 a
1366 1677 1542 1725 Latinis
1568 1708 1583 1731 ‚
1606 1681 1633 1725 a·
1662 1677 1814 1741 figura
1831 1710 1844 1729 ,
1870 1693 2010 1744 qua...-

353 1715 384 1777 3
508 1751 658 1800 muris
678 1749 821 1799 rietus
838 1745 1117 1810 exprimitur
1133 1778 1147 1792 .
1179 1743 1376 1794 Tarenti
1401 1745 1477 1791 vbi
1509 1744 1707 1806 copiose*
1725 1743 1861 1808 supra
1880 1750 2009 1810 ligna

349 1816 805 1886 generarundicitur
825 1819 983 1863 Cozza
1005 1845 1017 1858 .
1072 1812 1340 1861 Stabulatur
1375 1812 1515 1859 etiam
1548 1810 1597 1856 in
1639 1811 1902 1862 cauernulis
1942 1817 2008 1862 la-

347 1888 516 1954 pidum
538 1918 553 1938 ,
575 1884 822 1943 sedemque
840 1897 936 1929 non
971 1893 1158 1935 mutat,
1195 1878 1420 1941 liquidem
1456 1876 1582 1926 villis
1608 1878 1701 1927 flue
1723 1877 1832 1926 setis
1869 1880 1999 1945 quast

350 1954 557 2018 sco-pulis
592 1954 769 2014 ligatus
786 1947 1053 1997 adnascitur
1075 1981 1087 1992 .
1127 1947 1283 1994 Huius
1322 1947 1526 1994 Conchae
1557 1959 1751 2007 Vtraque
1794 1947 1906 1995 testa
1927 1949 2011 1995 ad-

349 2023 547 2072 modum
565 2019 719 2067 tenuis
743 2046 758 2070 ,
786 2028 915 2080 parte
932 2012 1043 2060 vero
1072 2013 1284 2063 acutiore
1314 2016 1458 2077 paulo
1498 2008 1686 2058 craffior
1715 2044 1728 2062 ,
1769 2016 1812 2057 3<
1833 2013 2012 2077 spissior

351 2091 416 2138 est
434 2124 447 2136 .
486 2087 691 2152 Reliquo
712 2083 894 2132 ambitu
917 2081 1144 2132 rotundo,
1172 2084 1328 2127 multo
1362 2080 1617 2129 tennion&
1635 2078 1822 2141 fragilis
1847 2116 1858 2126 .
1898 2081 2008 2130 Fere

353 2160 422 2206 ita
439 2155 745 2209 mensuratur,
769 2148 1066 2214 longitudine
1089 2147 1210 2197 duos
1231 2146 1434 2210 digitos,
1464 2151 1506 2193 &
1531 2145 1786 2192 dimidium
1816 2152 1968 2212 explet
1989 2181 2004 2200 ,

354 2223 605 2274 latitudine
630 2223 773 2285 paulo
801 2218 936 2282 supra
959 2231 1101 2267 vnum
1124 2248 1138 2261 .
1171 2220 1237 2261 At
1260 2213 1309 2261 in
1332 2213 1574 2276 aliquibus
1611 2213 1731 2260 locis
1750 2211 1810 2260 ad
1839 2216 2009 2263 miram

355 2289 736 2356 magnitudinem
755 2283 1002 2350 peruenit.
1036 2283 1163 2332 Huic
1186 2281 1378 2328 vnicum
1404 2281 1712 2344 ligamentum
1728 2294 1787 2325 vex
1804 2283 2007 2331 aduerso

356 2358 537 2409 cardini
556 2356 618 2407 ad
639 2362 770 2405 oram
791 2353 965 2407 scilicet
1004 2349 1329 2400 rotundiorem
1351 2352 1636 2396 collocatum
1655 2381 1667 2393 .
1707 2350 1834 2396 Caro
1875 2349 2007 2399 intus

358 2425 569 2492 pallescit
587 2423 749 2474 cruda,
775 2423 907 2469 εοᾶα
926 2419 1093 2467 vvitellis
1116 2432 1323 2465 ouorum
1338 2416 1501 2464 similis
1531 2416 1611 2467 est,
1628 2415 1676 2462 in
1698 2415 1878 2466 ambitu
1903 2417 2009 2464 fim-

361 2496 513 2543 briata
530 2531 546 2543 .
582 2492 727 2541 Testa
749 2488 866 2538 foris
884 2504 938 2535 ex
959 2488 1150 2536 caeruleo
1181 2483 1400 2546 nigricat,
1423 2484 1548 2531 intus
1583 2498 1635 2530 ex
1659 2487 1858 2532 caeruleo
1878 2486 2008 2531 albe-

361 2562 464 2615 scit,
482 2561 701 2623 vtrinque
723 2557 832 2606 vero
852 2557 968 2606 leuis
989 2551 1246 2603 admodum
1267 2580 1282 2598 .
1322 2555 1359 2598 E
1379 2551 1516 2599 litore
1548 2563 1704 2598 tamen
1731 2552 2014 2615 Drepanita-

362 2646 428 2678 no
444 2661 458 2681 ,
476 2636 519 2676 &
537 2625 802 2677 Lufitanico
817 2623 960 2671 multi
979 2622 1036 2674 ad
1059 2634 1132 2670 me
1157 2618 1297 2666 delati
1329 2618 1428 2666 lunt
1453 2634 1703 2680 ‚quorum
1724 2619 1875 2682 aliqui
1903 2633 2011 2682 par-

360 2698 450 2744 tim
475 2695 636 2744 viuido
654 2691 890 2741 cimbam,
914 2698 955 2738 δι
974 2687 1258 2749 sandichyno
1285 2691 1440 2733 colore
1473 2686 1594 2738 recu,
1620 2686 1697 2746 aiij
1721 2689 1828 2734 vero
1849 2700 2015 2749 argen-

357 2763 989 2822 tcoahalafino,Venetoque
1006 2755 1125 2805 mire
1148 2755 1429 2818 pigmentati
1450 2783 1463 2798 .
1815 2821 1854 2864 C

1860 2832 1945 2864 on-
