2144 3218
652 153 1002 228 CLASSIS
1052 154 1159 226 111.
1512 177 1629 238 131

68 290 278 348 'craffiori
306 290 458 344 labro,
476 287 610 353 quod
632 290 813 338 notulae
832 285 951 334 tiriae
977 281 1277 344 distinguunt
1291 278 1339 327 in
1362 280 1519 343 plures
1537 290 1694 342 partes
1718 309 1741 328 ‚-

72 358 279 413 diuersus
316 359 376 407 ab
405 356 732 408 antecedenti.
767 354 975 421 Orbium
992 350 1225 401 maximus
1244 349 1408 399 multis
1431 347 1481 397 iu
1501 345 1620 397 locis
1637 344 1736 396 sine·

66 429 230 483 ordine
262 429 428 476 leuiter
446 423 714 476 intumescit
736 455 752 472 .

292 495 432 544 'urbo
467 494 528 542 ab
560 495 647 542 hoc
672 500 870 543 numero
901 485 1138 538 indicatus
1161 482 1541 536 antecedentibus
1570 482 1731 546 praeest

79 523 102 564 1
123 519 202 581 54
304 568 596 613 macularum
620 558 945 623 dispofitione‚
965 560 1010 603 &
1034 556 1133 604 oris
1155 551 1364 602 artificio
1388 568 1402 604 ς
1432 550 1524 600 hoc
1556 549 1678 597 enim
1701 550 1732 601 a.

62 624 216 688 figura
235 630 512 694 exprimitur
532 661 547 681 ‚
592 627 679 674 illae
704 624 861 673 autem
876 621 1242 686 quadruplicato
1261 619 1427 667 ordine
1455 617 1696 679 dispofitae
1715 647 1730 669 ‚

58 690 334 760 seruataque
354 699 479 746 inter
505 695 549 744 se
569 691 787 746 distantia
812 723 826 744 ,
857 704 1000 751 aureo
1038 692 1197 738 colore
1214 685 1442 737 candidos
1460 685 1597 736 orbes
1620 698 1750 735 con·-

61 757 322 814 decorant.

75 845 103 894 1
126 846 194 907 55
274 828 602 895 Magnitudine
629 824 853 878 omnibus
875 820 1112 872 antecellit
1127 822 1346 872 Turbinis
1368 821 1510 871 huius
1545 816 1702 866 testa-³
1724 845 1743 867 2

303 898 474 962 pariter
493 895 635 946 auriti
655 929 670 953 ,
692 900 734 942 &
759 889 966 941 tuberofi
989 921 1002 942 ,
1025 887 1154 938 labra
1174 894 1407 954 eleganter
1423 890 1490 937 ita
1510 883 1702 937 reflectit
1719 913 1736 935 2

64 981 114 1017 vt
136 968 356 1017 animalis
379 968 506 1013 collo
548 968 705 1012 locum
750 970 914 1023 aptet.
967 954 1078 1025 Post
1111 956 1367 1009 maximum
1401 957 1566 1005 orbem
1602 948 1738 1000 valde

67 1035 405 1083 tumescentem
427 1032 578 1082 breui,
607 1036 651 1078 &
671 1033 769 1078 lato
788 1027 964 1089 angulo
988 1023 1153 1073 finitur
1171 1057 1185 1075 ,
1213 1025 1492 1073 tuber-culos
1532 1017 1739 1068 habetin

61 1102 226 1165 girum
250 1096 525 1162 dispofitos³
553 1095 834 1159 aliquosque
852 1106 1016 1143 eorum
1041 1089 1175 1139 valde
1208 1091 1236 1140 ἐ
1260 1093 1375 1141 testa
1394 1086 1737 1154 prominentes,

35 1217 40 1222 ,
62 1182 117 1215 ac
141 1167 338 1216 falcatos
364 1197 379 1223 ,
401 1177 450 1211 vt
476 1164 604 1213 canis
628 1162 826 1211 venatici
854 1160 1043 1210 dentes·
1077 1161 1294 1208 Alterum
1333 1159 1360 1207 ἐ
1386 1156 1529 1206 labris
1549 1154 1612 1201 est
1630 1152 1746 1201 den-

61 1234 334 1286 nonatum,
356 1236 554 1280 alterum
580 1231 783 1278 crenulis
819 1226 1044 1291 rugosum
1063 1261 1077 1277 .
1110 1232 1272 1292 Qm
1315 1227 1388 1273 hic
1408 1225 1562 1288 figura
1594 1218 1746 1292 expri-

60 1302 154 1348 mit
178 1302 336 1349 album
358 1313 585 1349 cerneres,
613 1300 643 1344 fi
671 1297 827 1346 oculis
842 1295 1081 1358 vsurpares
1103 1328 1115 1348 ,
1139 1294 1291 1342 tribus
1313 1292 1517 1341 falciolis
1547 1301 1746 1341 croceis>

63 1373 106 1413 &
132 1367 269 1415 fuluo
305 1365 488 1414 vndatis
513 1365 719 1413 cinerum
757 1403 766 1415 .
817 1362 1063 1411 Interdum
1103 1362 1344 1410 inuenitur
1379 1359 1659 1413 multicolor
1692 1368 1747 1401 ex

61 1435 187 1485 albo,
209 1433 389 1487 vinoso,
426 1431 535 1479 rufo
565 1464 578 1483 ,
602 1439 645 1478 δε
671 1429 982 1492 ametisthyno
1011 1428 1219 1476 confusis
1237 1462 1250 1474 .
1301 1434 1355 1475 ln
1381 1429 1517 1475 labro
1560 1422 1745 1485 insuper

58 1500 379 1562 prominente,
404 1504 445 1543 ἃ
464 1498 631 1542 reflexo
659 1500 870 1557 quinque
894 1505 1034 1540 notas
1058 1494 1233 1547 habens
1259 1525 1272 1545 ‚
1289 1494 1467 1556 quibus
1484 1487 1746 1559 pulcherri-

53 1565 134 1612 -me‘
159 1566 406 1611 decoratur
424 1594 440 1614 0
1491 1559 1493 1561 ’

68 1650 192 1713 155
260 1630 422 1679 Turbo
447 1627 603 1677 forma
636 1640 731 1676 non
755 1625 1016 1678 (linimus,
1054 1625 1081 1674 e*
1116 1627 1302 1691 duplici
1336 1626 1581 1691 prospee‘iu
1621 1622 1739 1672 deli-

295 1711 456 1745 neatus
478 1732 490 1744 .
528 1701 596 1744 Ex
620 1712 715 1745 vno
734 1695 872 1743 sulcis
906 1696 953 1741 in
978 1700 1177 1758 longum
1212 1694 1400 1743 striatus
1440 1705 1661 1758 apparet,
1690 1699 1736 1739 δέ

60 1766 262 1813 maculis
280 1765 457 1813 croceis
498 1764 544 1810 in
572 1762 727 1811 forma
759 1762 912 1810 crucis
937 1762 1178 1825 dispolitis
1205 1795 1217 1814 ,
1244 1775 1437 1810 notatus
1458 1794 1470 1814 ‚
1513 1774 1562 1808 vt
1595 1758 1728 1809 vestis

57 1833 262 1881 Attalica
284 1832 435 1881 aureis
458 1830 655 1879 floribus
685 1831 933 1879 intertexta
959 1862 972 1881 ,
1000 1845 1055 1876 ex
1089 1833 1239 1878 altero
1262 1831 1373 1878 vero
1409 1845 1462 1878 os
1483 1825 1729 1891 angustum

55 1898 255 1946 ostendit
275 1931 288 1951 ‚
323 1905 365 1945 &
390 1912 637 1960 Vtrumque
681 1898 864 1945 labrum
885 1896 1143 1947 candidum
1179 1898 1519 1946 denticulatum
1545 1928 1557 1948 ,
1595 1893 1730 1957 quod

61 1965 90 2010 εὶ
110 1963 238 2013 fusco
262 1968 417 2013 colore
435 1979 613 2026 partem
637 1964 867 2012 internam
910 1964 1186 2028 deturpante
1224 1966 1346 2013 mire
1387 1962 1697 2026 distinguitur
1717 1977 1731 2004 2

59 2030 268 2094 cingitur
288 2029 472 2093 insuper
494 2029 522 2077 ἐι
553 2046 778 2078 mucrone
800 2031 860 2079 ad
882 2031 1025 2077 basim
1065 2032 1214 2095 ligula
1246 2032 1353 2081 alba
1377 2064 1390 2084 ,
1408 2031 1521 2079 rufis
1542 2027 1728 2077 lineolis

57 2099 351 2147 transuerfim
384 2094 538 2144 diuisa
560 2128 577 2145 .
614 2096 805 2160 Vbique
832 2108 989 2143 aurem
1014 2097 1199 2145 videtur
1236 2102 1353 2146 veste
1384 2099 1493 2146 alba
1533 2095 1729 2143 indutus

51 2182 160 2215 cum
182 2165 272 2214 filis
296 2162 447 2213 aureis
470 2162 738 2216 intertexta,
762 2178 906 2230 quare
925 2166 953 2213 a,
979 2162 1132 2213 Gallis
1152 2178 1351 2217 vocatur
1384 2170 1576 2229 Drappo
1608 2166 1731 2211 d‘ar-

90 2245 189 2280 ento
219 2267 232 2280 .

54 2248 85 2364 ξ
108 2320 182 2384 57
256 2297 510 2350 Pulchrior
532 2296 674 2347 fascia
692 2297 903 2361 cingitur
921 2298 996 2351 hic
1031 2301 1190 2350 Turbo
1211 2331 1224 2353 ‚
1243 2297 1339 2347 ‘illa
1362 2299 1487 2349 enim
1521 2294 1736 2344 maximo

284 2369 392 2418 orbi
419 2366 560 2415 instar
586 2365 750 2415 circuli
774 2367 1028 2417 marmorei
1061 2364 1262 2432 perfec-ie
1291 2379 1523 2432 coaptata,
1550 2364 1628 2410 vbi
1646 2362 1738 2412 mi-

50 2448 212 2505 norem
237 2435 477 2485 connestit
504 2432 706 2484 rostrum
733 2435 957 2488 falcatum
978 2437 1125 2484 exerit
1147 2469 1160 2489 ,
1179 2435 1342 2499 &pari
1369 2435 1518 2484 m'odo
1538 2430 1563 2479 ἐ
1584 2431 1742 2480 mino-

53 2514 93 2545 ri
121 2502 181 2548 ad
207 2503 460 2553 minimum
486 2501 777 2566 producitur
805 2534 818 2546 .
857 2500 1077 2557 Eiusdem
1114 2501 1262 2560 conu}
1294 2517 1463 2565 parum
1495 2502 1737 2550 e‘leuatur3

59 2581 113 2614 ex
133 2568 256 2617 binis
280 2571 423 2620 labris
460 2575 659 2624 alterum
685 2567 838 2620 crenis
859 2569 1071 2635 asperum
1091 2605 1104 2626 ‚
1130 2578 1175 2620 &
1206 2570 1428 2629 nitidum,
1445 2571 1643 2619 alterum
1665 2580 1740 2613 ve-

55 2632 112 2683 ro
137 2635 358 2686 reflexum
383 2671 396 2690 ‚
428 2642 471 2684 &
493 2637 631 2691 instar
653 2638 932 2692 membranae
957 2638 1202 2704 pellucidae
1238 2638 1375 2702 supra
1416 2637 1581 2693 orbern
1627 2634 1739 2682 ita-³

58 2700 293 2752 extensum
312 2738 325 2758 ‚
350 2719 399 2752 vt
429 2704 490 2753 ab
519 2720 578 2753 eo
600 2719 695 2752 non
713 2704 920 2769 perfecie*
940 2705 1253 2757 abscondatur
1273 2707 1573 2755 reticulatum
1596 2718 1738 2765 opus,

46 2785 147 2842 quo
167 2837 175 2845 ·
197 2772 310 2821 testa
335 2774 480 2820 veluti
530 2775 654 2824 coelo
679 2770 823 2821 incisa
849 2788 1047 2839 rugatur
1069 2809 1082 2821 .
1121 2778 1300 2826 Colore
1318 2807 1331 2827 ,
1359 2788 1407 2822 vt
1425 2771 1738 2839 plurimum

44 2847 258 2952 ¹‘zuzvgrtur
299 2839 450 2894 albo,
489 2840 719 2905 plumbeo
755 2840 900 2895 eriam
942 2840 1214 2896 infectum&
1253 2843 1519 2894 Lufitanico
1556 2838 1737 2892 litore-2

77 2917 102 2952 a
141 2919 187 2954 ui
210 2936 223 2951 .

1138 2979 1183 3028 R
1253 2978 1287 3027 ί
1587 2980 1685 3025 co-
