2144 3218
751 97 955 173 CAP.
994 102 1081 170 X.
1556 110 1648 193 57

519 230 718 304 CAP.
783 224 1279 300 DECIMVM.

90 405 513 482 Referuntur
578 399 1019 494 Proprietates
1073 394 1456 492 aliquorum
1513 395 1738 474 Testa*

283 494 664 574 ceorum‚in
689 491 930 586 quibus
953 491 1177 561 elucet
1195 490 1554 563 Prouiden-

716 589 807 655 tia
833 582 1076 655 Diuina
1094 627 1115 647 .
1457 614 1459 616 ·

162 785 181 830 1
217 780 282 830 ob
308 784 600 830 Formarum,
621 773 935 838 colorumque
965 772 1242 822 varietatem
1274 773 1431 836 pretio
1448 785 1543 825 non
1559 771 1747 835 vulgari,

188 847 399 898 habenda
421 845 525 895 sunt
565 840 828 905 Conchylia
844 873 856 897 ,
873 840 1072 905 plurimi
1095 841 1290 904 quidem
1305 854 1360 888 ex
1378 839 1435 889 eo
1457 872 1472 893 ,
1504 838 1641 904 quod
1654 838 1745 886 sese

85 915 236 962 oculis
266 911 533 962 exhibendo
568 911 617 957 in
644 909 737 957 hoc
768 912 930 972 amplo
958 907 1130 956 Mundi
1162 909 1364 957 Theatro
1398 906 1746 974 prouinciam

86 980 175 1027 sibi
198 983 469 1045 impositam
504 975 687 1041 optime*
709 988 919 1024 exercent
939 1007 952 1021 .
1005 974 1052 1023 si
1086 975 1214 1024 Coeli
1232 987 1452 1024 enarrant
1488 973 1746 1038 gloriam-.-

83 1045 197 1099 Dei,
221 1051 249 1094 a
270 1045 493 1096 cochleis
530 1045 675 1091 etiam
692 1042 949 1093 celebratur
963 1045 1097 1093 Deus
1119 1075 1133 1096 ,
1152 1041 1243 1107 qui
1267 1042 1427 1106 vtique
1444 1040 1492 1090 in
1512 1038 1741 1090 vilissimis

83 1112 224 1163 rebus
259 1113 524 1180 Sapientiae,
549 1127 603 1160 ac
622 1110 862 1160 Potentiae
896 1110 1142 1160 thesauros
1164 1109 1387 1163 ostendit,
1401 1108 1743 1170 eiusdemque-..2

82 1182 396 1230 Prouidentia
420 1194 516 1228 non
534 1178 690 1227 minus
715 1210 729 1230 ,
749 1193 894 1241 quam
918 1179 1049 1228 varia
1084 1190 1473 1243 argumentorum
1494 1175 1747 1224 ratiocina-

82 1248 210 1293 tione
237 1249 440 1297 senfibus
478 1246 587 1307 ipsis
607 1246 872 1294 declaratur
894 1277 907 1290 .
953 1246 1053 1294 Illis
1091 1247 1216 1293 enim
1240 1248 1374 1292 Deus
1397 1259 1494 1292 non
1515 1241 1746 1292 tantum-2

83 1312 329 1376 quidquid
369 1314 428 1361 ad
450 1313 571 1361 Vitae
615 1311 1021 1360 conseruationem
1045 1311 1303 1376 requiritur
1320 1344 1334 1364 ,
1373 1325 1535 1360 verum
1558 1311 1748 1359 etiam.»

79 1379 141 1425 ad
165 1379 563 1427 obleetamentum
581 1377 834 1440 elargitur:
864 1376 1209 1442 'Qamobrem
1227 1379 1542 1427 Tertullianus
1583 1377 1644 1424 ad
1676 1378 1749 1425 in·

80 1444 378 1506 fringendam
429 1441 676 1491 audaciam
714 1440 976 1490 Marcionis
1012 1444 1137 1493 inter
1174 1443 1392 1491 homines
1427 1441 1696 1507 nequiffimi
1729 1475 1745 1497 ,

81 1510 177 1557 Dei
198 1508 554 1559 Prouidentiam
587 1508 805 1571 negantis
823 1540 837 1561 ‚
861 1507 935 1556 illi
971 1523 1043 1559 res
1063 1509 1249 1558 infimas
1269 1509 1503 1569 obijciens
1520 1540 1537 1559 .
1576 1516 1653 1560 An
1688 1525 1747 1559 nc

77 1577 186 1639 (ait)
230 1585 331 1628 Vna
355 1574 592 1624 cuiuslibet
608 1580 749 1624 maris
778 1576 1002 1625 conchula
1027 1595 1111 1626 non
1132 1579 1229 1625 dico
1252 1579 1305 1623 de
1325 1576 1498 1629 Rubro,
1512 1578 1746 1637 sordidum

77 1642 294 1702 artificem
337 1641 652 1707 pronuntiabit
672 1639 761 1691 tibi
780 1645 1077 1693 Creatorem?
1116 1648 1390 1705 Serpentum
1411 1659 1517 1694 mos
1538 1643 1601 1690 est
1633 1643 1742 1692 suos

77 1723 242 1772 partus
269 1708 317 1755 in
334 1721 473 1756 arena
497 1707 759 1770 relinquere
774 1742 787 1755 .
818 1707 998 1757 Diuina
1021 1709 1128 1758 vero
1150 1709 1457 1760 Prouidentia
1473 1709 1612 1759 rebus
1637 1726 1742 1758 om·

77 1775 217 1823 nibus
243 1777 270 1824 a
302 1774 345 1823 se
361 1772 569 1824 conditis
591 1806 605 1830 ,
642 1790 753 1836 quae
771 1773 831 1823 ad
849 1775 951 1824 vitae
972 1775 1351 1827 sustentationem
1397 1777 1734 1840 requiruntur,

75 1842 240 1893 donat,
261 1854 590 1905 argumentum
625 1843 834 1903 praebens
869 1843 917 1888 in
936 1844 1150 1893 minimis
1183 1844 1379 1892 maioris
1402 1842 1737 1896 prouidentiae,

73 1922 169 1971 qua
186 1909 384 1959 maiora,
402 1913 446 1954 &
465 1907 700 1955 Homines
717 1908 952 1973 praecipue
969 1911 1261 1964 moderatur,
1277 1928 1331 1961 ac
1346 1911 1472 1975 regit
1490 1943 1503 1964 ,
1524 1925 1732 1975 quorum

18 2019 26 2029 ,
51 1975 311 2023 υ[σιεηείῐιῑὶο
338 1975 459 2023 hanc
497 1973 712 2025 omnium
759 1991 914 2026 rerum
960 1980 1323 2033 Vniuersitatem
1362 1977 1389 2028 ὃ
1423 1978 1575 2027 nihilo
1616 1994 1735 2028 euo-

75 2043 206 2090 cauit
223 2074 240 2087 .

213 2106 452 2156 iniuriose
472 2106 716 2172 redarguit
737 2113 972 2160 Naturam
993 2111 1194 2165 Plinius,
1218 2129 1324 2163 cum
1345 2113 1522 2161 diceret
1537 2111 1735 2176 cap-29⁷0*

74 2175 209 2238 1ib.9.
252 2181 422 2223 Carent
443 2174 623 2224 Conchae
648 2178 772 2236 visu,
792 2181 999 2239 omnique
1016 2178 1144 2240 sensu
1162 2181 1269 2232 alio,
1288 2197 1419 2245 quam
1445 2179 1535 2228 cibi
1556 2211 1568 2231 ,
1587 2185 1735 2244 &pe-

73 2243 207 2290 riculi
225 2274 238 2289 .
274 2241 493 2304 cap.vero
515 2252 597 2300 35.
640 2243 841 2294 Concha,
862 2241 1036 2303 inquit,
1057 2250 1205 2308 inqua
1232 2255 1733 2307 Vntonesgenerantur‚

73 2324 174 2355 cum
195 2324 378 2356 manum
400 2309 536 2354 videt
553 2339 565 2359 ,
587 2314 842 2370 comprimit
854 2310 947 2370 sese
966 2340 979 2359 .
1000 2317 1227 2375 operitque
1248 2326 1346 2376 opes
1361 2313 1468 2370 suas
1487 2343 1503 2368 ‚
1537 2327 1732 2374 gnara...

73 2386 252 2436 propter
275 2374 376 2421 illas
412 2377 536 2437 peti,
574 2390 845 2439 manumque
872 2375 910 2436 fi
943 2382 1174 2439 perueniat
1191 2409 1202 2430 ,
1239 2384 1332 2425 acie
1360 2378 1443 2436 sua
1476 2376 1695 2438 abscindit
1714 2410 1732 2431 ,

74 2440 196 2485 nulla
220 2437 394 2496 iustiore
414 2452 536 2502 poena
556 2471 568 2494 ,
590 2445 647 2491 Θ
673 2440 772 2501 alass
788 2447 960 2490 munita
983 2441 1213 2507 supplicijs
1228 2479 1240 2493 .
1277 2444 1563 2492 Huiusmodi
1581 2445 1732 2494 verbis

74 2503 371 2553 Palinodiam
408 2503 616 2552 cecinisse
651 2505 908 2556 iudicarem
948 2539 960 2558 2
1000 2509 1084 2555 nili
1113 2511 1308 2573 poetice
1339 2510 1502 2574 potius
1536 2527 1729 2575 quam„

73 2570 294 2620 historice
332 2575 560 2635 loquutus
584 2570 687 2620 esset
721 2573 1026 2627 translatione
1055 2578 1260 2639 quadam
1280 2581 1528 2629 verborum
1554 2612 1567 2631 ,
1586 2583 1731 2628 oculo

72 2637 283 2687 tribuens
307 2639 546 2703 quidquid
579 2642 705 2688 taeiu
735 2645 1005 2707 peragitur,
1039 2658 1147 2692 eum
1175 2645 1360 2695 afferuit
1388 2645 1728 2696 piscatorum-2

72 2706 383 2767 cupiditatem
407 2707 465 2755 ab
491 2708 557 2757 eis
594 2707 819 2772 sagaciter
854 2709 1196 2765 animaduerti,
1232 2716 1349 2765 ficut
1366 2714 1598 2776 Virgilius
1634 2716 1730 2764 de.)

63 2773 311 2823 latratibus
348 2789 515 2824 canum
555 2775 753 2840 loquens
776 2776 877 2835 ait,
922 2776 1120 2842 Visaque
1143 2796 1273 2831 canes
1297 2782 1483 2832 vlularc
1526 2797 1603 2847 per
1627 2799 1731 2831 vano

61 2838 166 2886 bras
182 2865 201 2896 ι,

1006 2912 1028 2955 1
1100 2924 1131 2958 2
1501 2913 1664 2962 Albes-
