2144 3218
369 177 484 228 dum
512 179 631 226 inter
647 181 875 228 mortales
908 179 1099 246 degeret
1116 217 1128 236 ,
1156 181 1460 236 obtinuerat.

512 246 699 308 Magnis
723 249 917 295 Etruriae
950 249 1245 300 Sereniffimis
1266 253 1484 300 Ducibus
1506 283 1518 302 ‚
1542 267 1747 315 quorum
1793 253 2015 302 Liberali-

371 327 461 362 tas,
487 313 809 363 &litterarum
834 321 984 362 Amor
1002 315 1203 377 ingenijs
1239 317 1453 365 stimulos
1492 316 1668 377 semper
1693 319 1911 367 addidere
1931 353 1944 375 ,
1972 333 2020 365 vt

370 379 537 440 pennis
552 378 741 427 liberius
765 381 1005 442 explicatis
1030 413 1040 431 ,
1063 384 1120 429 eo
1143 385 1351 431 volatum
1378 384 1634 445 dirigerent
1657 415 1671 435 ,
1713 387 1787 430 vbi
1804 386 2017 435 studiolis

372 445 700 508 experimentis
727 448 985 494 vesu-atem
1017 447 1065 493 in
1098 449 1344 511 profundo
1378 455 1598 498 latentem
1643 449 1688 495 in
1726 454 1874 498 lucem
1899 467 2031 499 erue-

372 525 492 561 rent,
511 529 615 558 cum
645 512 691 556 in
716 512 855 571 variis
879 517 1070 561 Naturae
1089 517 1311 579 operibus
1327 549 1345 571 ‚
1369 519 1550 566 tributa
1574 517 1939 581 quodammodo
1970 516 2026 564 ek

374 579 630 625 Elementis
651 580 876 627 omuibus
897 581 1156 643 acciperent
1177 617 1189 636 ‚
1220 584 1351 632 suum
1368 586 1511 633 etiam
1530 585 1598 630 in·
1616 584 1840 632 Cochlzeis
1878 585 2026 632 abun-

371 643 433 691 de)
452 646 631 692 obtulit
655 651 797 698 Mare,
821 647 1033 710 illudque
1052 649 1177 697 inter
1195 650 1422 714 pretiosas
1439 667 1580 717 gazas
1616 648 1675 696 ad
1701 649 1850 698 miros
1879 656 2032 700 Natu-

375 727 433 758 rae
453 711 578 760 lusus
603 714 898 775 explicandos
926 717 1167 764 Florentiae
1190 717 1431 771 seruatum
1470 719 1544 767 Ibi
1582 717 1722 764 etiam
1741 718 2029 767 multaesunt

376 778 502 841 apud
526 779 877 829 Illustriffimum
901 783 1140 830 Comitem
1179 788 1435 848 capraram
1459 820 1471 838 ,
1497 785 1565 831 ibi
1586 783 1710 846 apud
1739 786 1809 839 D.
1825 788 2034 849 Vineen-

377 846 498 893 tium
522 846 778 895 Viuianum
802 847 861 896 ab
886 848 1198 900 Illustriffimo
1227 852 1418 900 Prael'ule
1440 859 1640 901 Stenone
1665 846 2030 913 acceptaeffieuri

378 913 504 975 apud
526 915 824 963 D-Cosmum
857 914 1185 965 Roserminum
1212 918 1428 968 Pisanum
1476 920 1575 969 aliae
1599 921 1756 966 multae
1779 917 1992 966 visuntur
2012 950 2026 964 ·

376 981 750 1046 Qamplurimae
774 982 914 1030 etiam
960 985 1239 1050 singulaeque
1260 991 1498 1049 praeclarae
1519 984 1703 1048 ingenti
1725 1000 2032 1032 nummorum

377 1047 424 1093 vi
443 1048 525 1096 libi
547 1051 843 1114 com-parauit
882 1050 1115 1100 studiosus
1138 1056 1202 1100 D.
1222 1055 1598 1102 Nenrichcmont
1618 1051 1801 1110 Parilijs
1823 1084 1836 1104 ‚
1861 1051 2037 1102 νώμα

375 1112 669 1163 scientiarum
687 1117 905 1164 omnium
940 1118 1101 1164 altrice
1124 1151 1137 1173 ‚
1153 1118 1199 1165 iu
1224 1135 1317 1182 qua
1341 1120 1589 1167 Alexandri
1631 1120 1784 1166 Seueri
1803 1119 2033 1168 memoria

376 1194 633 1229 renouatur
656 1215 667 1233 2
692 1181 826 1230 cuius
861 1182 1094 1246 benignus
1114 1185 1392 1233 inliteraros
1425 1192 1575 1232 Amor
1599 1186 1886 1245 Vulpianum
1910 1184 2032 1231 Iuri-

376 1247 490 1296 ssam
508 1248 588 1296 sua
609 1250 809 1311 clamide
827 1248 1126 1299 circumtexit
1146 1284 1159 1303 ,
1181 1252 1276 1299 fiue
1298 1252 1468 1301 Iuliani
1488 1284 1499 1302 ‚
1521 1249 1614 1298 flue
1635 1249 1922 1313 Sigismundi
1943 1255 2037 1298 Im-

375 1328 647 1380 peratorum
675 1350 686 1368 ,
722 1331 932 1380 quorum
959 1319 1138 1365 Palatia
1159 1332 1384 1380 tanquam
1422 1319 1612 1381 priuatae
1650 1318 1820 1364 domus
1848 1318 2036 1379 Sapien-

376 1395 480 1430 tum
513 1381 573 1429 ad
592 1397 752 1430 eorum
778 1382 879 1428 vitae
900 1383 1278 1430 sustentationem
1305 1385 1595 1431 habebantur
1618 1415 1630 1427 .
1667 1383 1740 1428 Ibi
1787 1383 2033 1445 inquam...

375 1448 622 1496 innumerae
665 1450 863 1512 criptam
896 1448 1210 1498 Varsalianam
1235 1452 1421 1498 mufiuo
1456 1465 1595 1512 opere
1629 1448 1865 1511 dispolitae
1901 1464 2036 1499 exor-

378 1529 490 1563 nant
517 1549 530 1566 ,
548 1520 595 1562 in
616 1514 931 1565 remotissimis
955 1518 1131 1564 Oceani
1164 1517 1443 1577 regionibus
1470 1517 1646 1563 selestae
1671 1549 1685 1568 ‚
1707 1532 1753 1563 vt
1774 1519 2050 1579 tanquam-4

377 1582 524 1630 maris
582 1582 718 1631 flores
753 1584 1094 1633 ostentarentur
1131 1612 1144 1633 ‚
1200 1582 1325 1633 haud
1367 1582 1502 1632 breui.
1536 1582 1611 1631 die
1645 1595 1887 1636 vernantes
1932 1617 1946 1636 ,
1989 1597 2038 1634 vt

380 1648 485 1698 rosa
503 1682 516 1703 ‚

643 1719 816 1785 Qam
836 1718 960 1768 mod&
985 1720 1228 1779 nascentem
1253 1720 1415 1769 mullus
1447 1719 1673 1784 conspexit
1707 1723 1829 1767 Eous

650 1791 772 1832 Hinc
794 1788 968 1833 rediens
983 1788 1081 1845 sero
1105 1787 1289 1849 vespere
1314 1789 1441 1834 vidit
1462 1802 1598 1833 anum
1620 1818 1634 1830 .

383 1856 449 1899 At
487 1865 543 1897 ne
571 1854 729 1899 Roma
745 1849 1068 1900 discedamus3
1112 1850 1160 1896 in
1197 1851 1282 1899 hac
1303 1852 1444 1899 etiam
1471 1851 1672 1901 Vrbium
1700 1847 1882 1914 Regina
1900 1848 2039 1897 multi

385 1918 611 1966 Virorum
636 1917 831 1980 egregii,
851 1921 918 1965 vel
943 1917 1169 1966 Doctrina
1191 1951 1202 1969 ‚
1230 1922 1294 1965 vel
1319 1919 1485 1966 natiuae
1513 1918 1794 1967 Nobilitatis
1822 1920 2044 1965 excellen-

385 1985 451 2032 tia
468 1986 586 2031 inter
606 1984 834 2047 pretiosas
861 1982 1195 2046 suppellestiles
1220 1985 1449 2033 Cochleas
1493 1983 1685 2046 posuere
1703 2013 1716 2024 -
1775 1986 1866 2031 Eas
1906 1983 2040 2030 vide-

386 2052 459 2099 bis
482 2052 601 2099 inter
622 2066 918 2114 gemmarum
954 2050 1170 2098 matrices
1188 2052 1364 2113 ‘glebas
1401 2051 1448 2097 in
1475 2049 1622 2111 Regia
1643 2049 1769 2098 Villa
1809 2053 2045 2096 Excellen-

385 2118 548 2167 tiffimi
573 2117 807 2181 Principis-
839 2116 1093 2181 Pamphilij
1115 2118 1242 2179 apud
1262 2116 1610 2164 &pancratium
1635 2149 1647 2169 ‚
1673 2132 1815 2179 quam
1834 2117 2042 2165 dicimus

390 2189 434 2232 di
462 2187 541 2232 Bel
567 2187 740 2249 [respiro
758 2217 772 2230 .
807 2184 1003 2234 Videbis
1039 2184 1088 2230 in
1109 2183 1234 2232 Villa
1254 2183 1613 2231 Eminentiffimi
1633 2183 1864 2245 Principis
1887 2183 2039 2242 Flauii

395 2251 549 2309 Ghifij
571 2252 696 2314 apud
717 2265 928 2299 montem
947 2249 1243 2316 Esquilinum
1264 2251 1415 2314 polita
1434 2284 1447 2303 ,
1470 2250 1655 2300 videbis
1675 2250 1721 2297 in
1744 2250 1928 2308 Museo,
1950 2250 2043 2298 in„

392 2335 491 2383 quo
513 2321 750 2366 D.Petrus
771 2320 944 2366 Bellori
966 2319 1030 2367 ob
1056 2317 1192 2367 suam
1230 2318 1539 2381 antiquorum
1561 2317 1894 2366 numismatum
1929 2316 2052 2380 peri-

395 2387 510 2434 tiam
533 2386 723 2449 Reginae
748 2391 1002 2437 Succorum
1025 2385 1203 2448 inclytae
1221 2384 1583 2448 acceptiffitmus‚
1602 2383 1784 2432 selestas
1808 2385 2039 2434 celebrio-

395 2469 502 2502 rum
531 2453 771 2502 Pistorum
795 2454 980 2502 tabulas
998 2485 1011 2505 ‚
1032 2454 1082 2502 &
1099 2456 1327 2500 Veterum
1347 2452 1529 2501 erudita
1545 2466 1850 2500 monumenta
1866 2451 2046 2501 conser-

399 2535 481 2570 uat
497 2553 513 2571 .
559 2525 624 2568 D.
653 2521 944 2583 Augustinus
988 2517 1126 2566 Scilla
1146 2530 1247 2566 tum
1266 2519 1492 2582 pingendi
1513 2531 1609 2566 arte
1639 2523 1883 2581 praeclarus
1903 2552 1916 2570 ‚
1938 2532 2043 2566 tum

400 2586 732 2636 numismatum
753 2588 1016 2635 eruditione
1037 2584 1229 2633 celebris
1249 2615 1263 2639 ‚
1284 2589 1455 2634 multas
1492 2586 1825 2647 pulcherrimas
1856 2585 2041 2635 addidit

402 2654 542 2714 varijs
577 2656 711 2703 rebus
731 2653 917 2715 lapideo
953 2653 1091 2701 succo
1109 2650 1381 2705 obduratis,
1401 2652 1458 2699 de
1474 2651 1648 2714 quibus
1676 2656 2003 2701 luculentam-2
2026 2684 2042 2703 ,

406 2730 451 2769 &
490 2721 727 2770 eruditam
764 2720 1021 2782 Epistolam
1053 2718 1210 2783 Typis
1243 2719 1394 2767 edidit
1417 2752 1430 2765 .
1482 2722 1655 2767 Multas
1694 2720 1740 2766 in
1766 2720 1848 2769 suo
1873 2718 2045 2766 Musaeo

408 2788 620 2852 reposuit
643 2791 797 2851 Eques
824 2787 1063 2837 Coruinus
1089 2817 1104 2855 3
1126 2786 1299 2838 multas
1321 2784 1607 2843 D.Andreas
1628 2787 1916 2839 Bonuicinus
1941 2817 1952 2837 2
1971 2791 2060 2838 ali-

1870 2869 1988 2919 quas
