2144 3218
132 1429 224 1473 Nat
242 1427 356 1483 quest

131 1483 346 1535 lib-7531,

127 2382 360 2428 Ρ.<3ἰο.Ρεο

130 2441 172 2479 10
189 2438 359 2477 Olim-n

136 2491 241 2531 nelle
283 2490 361 2529 let·

134 2556 222 2584 tere
241 2541 365 2584 Tom.

137 2602 245 2638 adet..
276 2599 366 2644 665.

130 2722 352 2778 Plindibga.

132 2784 241 2825 «ΑΒ.

503 77 584 122 10
964 52 1189 124 PARS
1240 51 1357 122 PR
1369 49 1546 121 IMA

400 186 574 250 pluries
594 184 870 236 referuntur,
900 185 1034 233 vnica
1052 183 1234 248 superat
1250 182 1440 245 pagina,
1461 200 1564 248 quae
1594 184 1774 248 aliquid
1791 183 2051 236 nouimen-

403 254 440 299 ti
467 250 809 316 dispiciendum
829 253 1057 315 proponit
1083 249 1231 304 3jdeo
1251 247 1469 298 laudibus
1490 252 1666 313 semper
1684 250 2050 302 celebrandam-,⁴⁴

399 317 718 368 studiosorum
739 317 1045 365 Academiam
1076 313 1313 368 arbitror,
1353 328 1497 375 quain
1539 316 1739 379 Regiam
1770 319 2050 366 Societatem

400 385 710 448 Anglicanam
742 384 924 435 dicunt,
941 382 1073 430 cuius
1094 377 1275 428 Affeclae
1295 378 1386 426 hoc
1407 395 1549 428 vnum
1580 395 1728 444 agunt
1745 411 1758 432 ‚
1781 388 1825 430 &
1846 385 2048 442 versant,

401 465 452 499 vt
492 456 682 500 Naturae
721 448 908 496 recessus
952 446 1153 509 vndique
1171 445 1325 494 solerti
1345 477 1356 497 ,
1384 447 1755 511 omnimodaque
1791 447 2050 513 indagine)

398 518 551 581 magis
572 514 812 579 magisque
832 514 1090 576 patefiant:
1130 527 1312 561 necnon
1351 515 1619 576 Collegium
1645 519 1833 564 Naturae
1876 516 2052 566 Curio·

397 583 554 632 sorum
575 616 588 636 ‚
607 581 739 646 quod
759 582 807 628 in
827 581 972 628 libera
989 580 1183 642 Imperii
1201 579 1412 627 Ciuitate
1434 580 1721 630 Schuinfurti
1743 595 1867 630 anno
1903 588 2050 643 1652.

398 654 573 699 natales
595 648 759 697 sortita
778 647 839 696 est
863 648 1089 696 Virorum
1103 647 1285 694 delestu
1320 646 1778 700 abundantiffimum,
1796 664 2048 711 quorum

398 715 591 782 plurimi
624 731 708 780 per
730 714 1001 763 Germaniae
1022 712 1297 762 Prouincias
1327 711 1512 765 disocrfi
1529 746 1541 766 ,
1563 729 1726 764 omnes
1745 715 1939 765 medicis
1968 731 2049 765 oe..

398 783 734 847 cuparionibus
756 779 1124 845 dediti‚physicis
1141 778 1592 830 considerationibus
1612 812 1627 836 ,
1665 787 1709 828 &
1726 781 2052 844 experimentis

400 863 567 899 vacant
588 883 600 898 .
641 847 986 898 Celebrandum
1021 847 1199 911 pariter
1216 846 1278 894 est
1297 847 1516 896 Italicum
1551 848 1923 908 Experimentale
1962 853 2048 896 So-

398 917 620 966 dalitiutn
639 948 652 968 ‚
671 915 806 964 cuius
820 916 1025 979 Collegae
1053 913 1294 962 veritatem
1319 912 1472 963 adhuc
1492 913 1705 977 ignotam
1725 915 2050 978 experimentis

397 984 624 1047 detegunt
647 1016 660 1036 ,
693 982 816 1030 inter
836 998 961 1046 quos
1001 981 1163 1045 magni
1201 979 1408 1030 nominis
1426 980 1595 1031 Virum
1636 981 1870 1030 Florentia
1894 981 2047 1029 nutrit

398 1050 768 1101 D.Franciscum
794 1046 1107 1100 Redi2Patriae
1126 1047 1266 1096 decus
1293 1079 1306 1099 ,
1326 1045 1622 1097 literatorum
1640 1063 1734 1095 non
1754 1047 1925 1095 infimae
1947 1062 2048 1096 ma·

395 1116 663 1182 gnitudinis
684 1116 805 1166 sidus
827 1148 840 1167 ‚
877 1121 920 1162 &
946 1115 1010 1162 ob
1032 1115 1347 1175 experimenta
1379 1115 1728 1177 quamplurima
1761 1113 1811 1161 in
1850 1119 2042 1163 Naturae

394 1184 577 1234 arcanis
595 1180 798 1230 studiose
837 1181 1023 1242 perae'ta
1049 1181 1238 1242 Magnis
1267 1182 1464 1228 Etruriae
1485 1181 1702 1229 Ducibus
1731 1181 1925 1229 charum
1948 1213 1960 1232 ‚
1992 1191 2042 1226 vt

394 1265 557 1300 caetera
572 1246 843 1297 ommittain
864 1277 878 1296 ,
895 1246 945 1293 in
964 1248 1152 1309 Europa
1165 1244 1377 1294 instituta
1395 1276 1408 1296 ‚
1429 1245 1490 1294 ad
1510 1261 1663 1294 rerum
1683 1246 1925 1295 veritatem
1945 1260 2049 1309 per-

395 1315 671 1382 quirendam
689 1312 938 1363 Veteribus
960 1312 1160 1359 omnino
1199 1311 1414 1373 ignotam
1441 1340 1458 1365 ,
1488 1324 1736 1374 pateatque
1767 1317 1952 1360 Senecae
1983 1310 2050 1358 ef-

399 1385 565 1437 fatum,
586 1379 803 1446 quidum
823 1378 1017 1429 viueret‚
1033 1376 1135 1426 ait:
1168 1377 1319 1427 Multa
1328 1378 1498 1437 faculis
1528 1390 1634 1426 tunc
1665 1377 1870 1436 futuris,
1901 1393 2045 1427 cunta

400 1455 613 1502 memoria
641 1447 781 1504 nostra
801 1445 1046 1494 exoleuerit
1068 1444 1284 1505 reseruari
1307 1475 1320 1486 .
1355 1441 1480 1489 Hinc
1503 1443 1645 1491 etiam
1666 1441 1882 1492 laudibus
1901 1445 2047 1490 extol-

396 1518 576 1568 lendus,
593 1514 676 1576 qui
695 1512 1101 1562 Animalculorum
1123 1521 1277 1572 partes
1296 1508 1637 1562 minutissimas,
1652 1523 1735 1556 nec
1754 1522 1886 1558 antea
1905 1508 2037 1562 visas,

396 1580 716 1644 smicroscopij
758 1594 848 1641 ope
865 1579 989 1624 mole
1003 1578 1172 1624 austas.
1199 1573 1464 1636 speecandas
1503 1575 1755 1640 proposuit
1776 1609 1788 1628 ,
1822 1576 1908 1639 qui
1927 1581 2044 1624 Ara-

395 1665 592 1699 neorum
612 1648 803 1697 formas,
825 1657 1083 1706 eorumque
1101 1645 1298 1689 telarum
1318 1641 1589 1690 struiturain
1608 1675 1620 1695 ‚
1642 1655 1824 1704 tempus
1858 1641 2043 1705 insuper

395 1713 720 1767 &fabricandi
755 1710 985 1758 rationem
1019 1708 1175 1756 exaste
1206 1707 1570 1760 animaduertit,
1618 1709 1702 1771 qui
1737 1710 2040 1759 multorum-a

395 1783 681 1835 Infestorum
706 1777 845 1827 fibras
861 1774 1200 1825 accuratissima
1228 1773 1491 1826 distet-{ione
1510 1774 1737 1827 lustrauit,
1755 1789 1918 1824 omnes
1936 1776 2043 1837 qui-

393 1852 502 1899 dem
525 1855 748 1899 Veterum
770 1842 1167 1906 Philosophorum
1186 1840 1487 1891 iaetabundas
1506 1855 1682 1892 mentes
1697 1841 2040 1905 redarguentes,

391 1921 648 1968 multarum
667 1927 820 1960 rerum
839 1909 1112 1972 cognitione
1136 1907 1322 1972 penitus
1354 1907 1596 1956 destitutas
1620 1941 1632 1959 ‚
1665 1906 2040 1971 comprobantes-

393 2000 503 2049 que,
527 1979 661 2046 quod
678 1982 734 2025 de
760 1976 989 2039 Sapientia
1006 1976 1188 2024 Diuina
1206 1980 1349 2024 Vates
1388 1973 1508 2022 sacer
1529 1971 1786 2022 affirmauit
1804 2004 1817 2024 ,
1850 1974 2040 2021 asserens

391 2056 553 2101 Deum
571 2046 690 2095 mira
710 2043 884 2106 semper
905 2042 1107 2107 operari,
1126 2057 1232 2090 cum
1251 2039 1448 2088 effundit
1461 2040 1590 2088 illam
1619 2041 1753 2103 super
1770 2042 1917 2087 omnia
1941 2051 2042 2101 ope-

390 2136 443 2169 ra
453 2119 534 2178 sua
557 2146 568 2167 ‚
600 2111 924 2182 Qamobrem
946 2113 1122 2160 Recens
1141 2110 1319 2157 Auctor
1340 2106 1423 2155 suo
1455 2110 1635 2155 calamo
1653 2107 1876 2153 extollens
1895 2101 1920 2148 s
1911 2105 2043 2165 plen-

390 2185 553 2233 didam
582 2178 910 2227 liberalitatem
932 2208 946 2229 ,
991 2183 1036 2225 &
1057 2174 1288 2224 solertiam
1307 2207 1320 2227 ,
1360 2188 1454 2236 qua
1486 2172 1647 2237 Magni
1667 2171 1856 2219 Etruriae
1877 2171 2034 2218 Duces

389 2248 696 2300 Academiam
719 2257 1006 2309 promouent
1025 2277 1038 2296 ‚
1057 2244 1116 2292 ad
1135 2258 1203 2292 res
1239 2244 1468 2291 naturales
1489 2238 1665 2289 attente
1695 2234 2002 2300 dispiciendas
2024 2267 2038 2288 .

391 2317 669 2366 institutam,
697 2327 776 2361 eos
796 2311 917 2358 dixit
935 2343 947 2363 ,
971 2312 1220 2359 Promotori
1239 2310 1378 2372 d’ogm'
1401 2308 1663 2368 marauiglia
1679 2303 1894 2353 naturale,
1919 2318 1940 2348 e
1959 2301 2035 2350 be-

396 2387 594 2433 nemeriti
619 2385 665 2428 di
686 2379 950 2440 fimigltanu·
967 2377 1119 2424 delicie
1156 2375 1360 2423 letterate
1384 2406 1396 2425 ,
1433 2375 1513 2420 che
1524 2374 1629 2431 sono
1655 2370 1819 2428 idegni'
1838 2373 2043 2416 tratrem*-

393 2452 531 2499 mcnti
556 2447 668 2493 delle
690 2449 838 2492 anime
857 2444 1054 2504 grandi,
1083 2457 1105 2488 e
1128 2440 1206 2487 che
1226 2441 1525 2502 raddoppisino
1547 2437 1589 2484 la
1615 2448 1773 2482 corona
1791 2436 1836 2479 in
1863 2432 1935 2482 chi
1971 2449 2042 2482 re-

391 2531 479 2579 gna
493 2513 571 2575 frei
592 2512 868 2575 prerogatiue
892 2509 940 2555 di
959 2520 1080 2556 tanto
1104 2506 1345 2553 acclamate
1369 2504 1609 2574 eruditioni
1631 2532 1644 2545 .
1679 2564 1686 2571 ι
2039 2565 2043 2570 ι

530 2582 596 2627 Ea
617 2577 757 2624 etiam
794 2573 850 2620 de
868 2572 1000 2622 causa
1020 2569 1269 2621 Alexandri
1291 2567 1557 2618 Macedonis
1590 2566 1905 2613 curiositatem
1931 2582 2043 2630 pro-

398 2648 563 2697 bamus
588 2676 601 2699 ,
622 2655 837 2691 naturam
858 2639 1148 2687 Animalium
1169 2636 1382 2684 omnium
1424 2629 1726 2696 dignoscendi
1748 2632 2043 2694 cupidam-‚5

397 2711 708 2779 quamobrem
732 2707 900 2755 scimus
925 2704 1146 2761 Aristoteli
1180 2703 1352 2760 summo
1373 2705 1416 2747 in
1452 2702 1570 2747 omni
1591 2698 1786 2747 doHrina
1812 2703 1917 2747 viro
1957 2699 2043 2747 ali-

396 2793 506 2847 quot
528 2779 667 2828 millia
689 2776 917 2839 hominum
939 2775 985 2822 in
1007 2774 1142 2825 totius
1166 2767 1268 2830 Afiae
1294 2768 1548 2830 Graciaeque
1570 2760 1718 2815 trac'i‘u'
1734 2779 1892 2830 parere
1909 2764 2040 2844 pugn,

1851 2844 1968 2877 mire
