2144 3218
519 167 648 223 ιη·
884 145 1115 220 PARS
1161 146 1614 227 SECVNDA

413 306 496 379 7¹
574 280 737 334 Turbo
755 289 811 327 ex
831 275 1072 329 Indiarum
1115 283 1257 330 litote
1280 282 1475 331 habitus
1492 297 1602 333 cum
1637 287 1745 348 alijs'
1763 287 1781 347 ζ
1813 287 1900 355 qui
1919 289 1967 338 in
2005 290 2095 339 hae

606 345 786 415 pagina
804 343 1132 396 describuntur
1151 378 1167 398 ‚
1227 350 1403 414 Figura
1427 353 1558 414 quasi
1596 352 1860 416 piriformis
1878 389 1893 411 ,
1933 353 2092 406 miuu-

418 416 610 471 tiffimis
650 414 792 466 sulcis
827 415 997 464 leuiter
1030 411 1231 478 rugosus
1265 446 1284 480 ρ
1342 418 1525 467 Colore
1571 419 1774 485 figulino
1807 457 1826 483 ,
1875 428 1947 474 vel
2003 439 2094 489 pu·

413 503 600 540 mice00

411 583 450 647 7
464 585 500 627 2
569 551 735 604 Turbo
753 546 920 595 cianeo
953 542 1114 596 diluto
1131 547 1309 600 tinstus
1330 584 1342 603 ‚
1357 549 1639 617 punfflsque
1658 554 1871 605 candidis
1894 590 1908 611 ,
1932 563 1975 606 δι
1991 559 2097 621 pul..

410 640 412 648 =
607 618 664 668 lis
685 626 894 665 notatus·
973 614 1254 680 Aliquando
1284 617 1530 670 inuenitur
1567 621 1703 672 albus
1742 638 1853 673 cum
1889 625 2091 676 maculis

411 691 530 742 rufis
559 720 574 735 .

411 783 455 849 7
464 788 493 847 3
570 751 752 804 Turbo,
778 761 826 796 vt
844 744 943 798 visu
962 748 1271 806 delectabilis,
1291 751 1352 802 sic
1374 752 1506 803 dieta
1531 769 1627 807 non
1652 753 1794 807 facile
1830 756 2095 820 exprimen-

607 820 698 870 dus
715 851 726 865 .
774 815 934 864 Huius
959 817 1212 868 cochleati
1229 821 1369 869 orbes
1392 822 1530 870 fimul
1568 826 1911 875 connestuntur
1939 825 2089 888 ligula

411 887 756 956 quadam2quae
777 883 919 943 varijs
936 882 986 933 in
1002 885 1122 934 locis
1151 888 1304 938 modo
1324 901 1560 948 contexta,
1586 891 1737 942 modo
1760 892 1878 941 foris
1905 891 2095 948 edusta,

412 959 539 1010 veste
563 951 927 1021 quodammodo
945 951 1193 1004 reticulata
1213 970 1297 1005 eos
1334 956 1492 1006 induit
1511 991 1523 1004 .
1569 963 1637 1010 Ea
1659 974 1818 1011 autem
1842 962 2003 1008 colore
2033 957 2096 1006 est

412 1026 569 1079 furna,
584 1023 696 1071 testa
717 1021 982 1070 Cochleata
1001 1019 1286 1086 ferruginea.

410 1115 506 1183 74
573 1093 729 1141 Color
743 1088 894 1141 albus,
916 1093 960 1136 δι
980 1091 1140 1163 pull-us
1156 1089 1475 1139 diuerfimodc}
1503 1088 1683 1139 confusi
1708 1093 1851 1142 huius
1872 1090 2099 1142 Turbinis

409 1180 414 1187 Δ
604 1170 762 1208 cutem
780 1159 1016 1218 eleganter
1037 1170 1244 1219 pingunt
1264 1191 1279 1206 .
1316 1162 1448 1211 Pars,
1480 1157 1525 1204 in
1545 1174 1642 1222 qua
1659 1163 1719 1209 ess
1741 1161 1839 1209 oris
1876 1173 2101 1224 apertura

413 1225 547 1292 aequt?
568 1223 928 1290 producitur‚ac
947 1219 1055 1279 alia,
1080 1240 1184 1287 quae
1204 1225 1425 1287 plurimis
1443 1225 1644 1274 orbibus
1668 1228 1832 1276 finitur
1863 1262 1877 1275 .
1914 1228 1990 1276 Ab
2013 1226 2101 1273 hac

414 1309 565 1346 conus
583 1292 862 1357 exprimitur
880 1288 928 1336 in
944 1290 1154 1354 aequalia
1187 1292 1354 1339 tubera
1376 1291 1623 1339 distinfius
1653 1327 1666 1340 .

414 1387 456 1453 7
466 1385 506 1445 5·
575 1360 739 1411 Turbo
759 1357 1022 1407 Muricatus
1047 1390 1059 1410 ,
1078 1360 1139 1407 sic
1157 1356 1311 1408 dietus
1339 1359 1366 1406 a
1389 1358 1648 1408 corniculis
1671 1358 1851 1423 quibus
1882 1357 2089 1408 Murices

612 1430 898 1478 muniuntur
921 1458 936 1482 ,
971 1425 1088 1473 veste
1123 1427 1231 1476 alba
1268 1426 1448 1489 tegitur
1467 1459 1479 1478 ,
1507 1443 1652 1489 quam
1677 1423 1892 1490 plurimae
1913 1425 2098 1473 lineolae

415 1495 594 1547 rubrae,
630 1501 674 1543 ὃ(
708 1493 836 1541 flauae
878 1492 1068 1540 finuose
1097 1492 1269 1540 inflexae
1326 1495 1528 1540 reddunt
1570 1493 1855 1542 indumento
1909 1493 2098 1541 Persico

418 1565 618 1614 similem
641 1593 656 1612 .

417 1649 510 1721 76
580 1627 755 1680 Turbo
773 1623 947 1689 pariter
966 1625 1227 1673 Muricatus
1247 1657 1261 1680 ,
1282 1625 1411 1687 quast
1431 1642 1484 1672 ex
1505 1625 1637 1673 fumo
1660 1626 1900 1689 nigricans
1929 1658 1941 1677 ‚
1971 1631 2016 1674 &
2049 1624 2107 1672 li-

616 1694 771 1744 neolis
791 1692 946 1753 magis
969 1689 1111 1739 fuscis
1127 1690 1451 1742 circumdatus
1479 1725 1491 1744 ,
1511 1707 1690 1756 paruus
1710 1694 1821 1744 licet
1840 1694 1967 1739 mole
1982 1690 2098 1740 testa

437 1764 669 1818 duritiem
690 1757 832 1810 filicis
851 1769 1008 1822 aequat
1027 1789 1043 1805 0

420 1858 466 1924 7
587 1832 775 1881 Oculus
796 1827 969 1876 Caefius
991 1821 1365 1873 antonomastice
1385 1823 1482 1872 dici
1501 1824 1654 1889 potest
1676 1823 1750 1870 hic
1769 1822 1936 1873 Turbo
1955 1855 1968 1869 .
2010 1825 2101 1870 Ex-

473 1860 511 1923 7
624 1896 791 1962 primit
812 1894 940 1941 enim
957 1896 1121 1942 colore
1139 1891 1328 1942 cinereo
1350 1896 1516 1955 pellem
1559 1891 1665 1939 felis
1684 1892 1954 1941 melitensis,
1979 1888 2102 1939 cius-

425 1967 627 2031 demque
646 1966 816 2013 oculos
829 1961 1114 2026 quibusdam
1142 1959 1407 2010 tuberculis
1431 1960 1477 2007 in
1504 1959 1733 2022 spirarum
1758 1958 1981 2007 dufflbus
1998 1960 2106 2021 pul-

426 2037 540 2085 chra
569 2030 882 2097 dispositione
913 2028 1264 2093 aliquantulum
1284 2027 1606 2076 eminentibus
1624 2059 1640 2082 ,
1699 2027 1749 2073 in
1770 2025 1945 2091 quibus
1971 2025 2100 2074 caelia

426 2101 577 2154 veluti
598 2099 782 2165 pupilla
796 2099 1181 2161 pellucet‚colore
1207 2111 1260 2144 ex
1282 2097 1473 2146 leonato
1491 2092 1768 2158 nigrescenti
1795 2107 2068 2141 coronata-2
2087 2125 2102 2139 .

429 2171 539 2223 Alia
565 2169 710 2218 etiam
729 2169 918 2218 minora
941 2163 1190 2215 tubercula
1216 2165 1266 2212 in
1288 2161 1439 2227 spiras
1462 2159 1927 2223 dispofita‚ostentat
1951 2163 2113 2208 colore

432 2238 582 2290 fusco,
602 2252 702 2301 quo
726 2236 944 2285 Cochleae
988 2231 1194 2281 venustas
1227 2243 1428 2292 augetur
1451 2265 1464 2277 .
1518 2232 1641 2276 Rara
1674 2227 1736 2275 est
1757 2261 1769 2280 ‚
1811 2229 1921 2274 &in
1940 2226 2110 2275 Indico

437 2310 578 2358 litore
601 2305 796 2354 inuenta
836 2335 850 2357 ,
889 2307 934 2351 &
977 2312 1219 2367 nunquam
1266 2295 1318 2344 in
1351 2298 1445 2345 vllo
1492 2294 1605 2343 licet
1652 2293 1894 2361 praediuiti
1942 2290 2107 2342 Museo

435 2376 573 2427 visa-a
600 2407 614 2420 .

488 2454 525 2518 8
594 2440 758 2491 'sui-'no
774 2438 920 2499 vulgo
945 2438 1173 2497 Garagoo
1198 2429 1353 2480 distus
1376 2429 1405 2478 εὶ
1430 2430 1574 2478 verbo
1595 2428 1854 2494 Hispanico
1872 2430 2084 2492 Scaragol
2099 2459 2114 2481 ‚

436 2471 479 2536 7
631 2507 798 2558 multis
827 2505 878 2552 iu
918 2503 1039 2553 locis
1063 2501 1282 2563 frequens
1326 2497 1675 2562 multiplicique
1708 2500 1870 2546 colore
1910 2496 2113 2548 cincius,

442 2576 567 2633 striis
602 2572 991 2641 crispaturinstar
1012 2568 1120 2618 retis
1143 2565 1382 2632 dispositis
1405 2598 1422 2623 ,
1466 2572 1510 2613 &
1556 2565 1605 2612 in
1648 2565 1843 2629 singulis
1880 2562 2017 2612 nodis
2053 2562 2109 2609 fi-

443 2645 503 2696 ne
539 2642 947 2694 interfectionibus
982 2635 1230 2689 earundem
1268 2634 1415 2687 veluti
1461 2635 1617 2683 ferreo
1651 2633 1759 2682 stilo
1781 2628 2007 2682 contusus
2046 2630 2114 2680 vi-

480 2725 586 2761 etur

445 2717 478 2801 d
497 2806 538 2859 9
609 2747 774 2830 ”siurbo
795 2772 1059 2827 Tuberosus
1075 2769 1203 2838 quasi
1222 2768 1418 2823 subtili,
1440 2772 1485 2817 &
1500 2764 1700 2817 candida
1731 2770 1822 2817 tela
1861 2762 2110 2818 Ollandica

448 2805 493 2871 7
648 2845 873 2895 indutus,
904 2860 1010 2907 quae
1046 2841 1097 2889 in
1131 2838 1422 2903 multiplices
1470 2834 1726 2900 plicaturas
1747 2868 1762 2889 ,
1805 2840 1849 2883 &
1883 2832 2113 2899 puluillos

461 2928 742 2980 corrugatur
767 2932 778 2959 τ
801 2911 992 2965 orbium
1033 2907 1268 2964 anftastus
1306 2902 1677 2959 obsecundantes
1697 2935 1711 2958 ,
1734 2902 1949 2995 quidam(
1977 2898 2119 2973 veluti

1921 2982 2056 3016 sunl-
