2144 3218
499 154 1022 242 PROBLEMA
1069 155 1252 233 x1v.
1323 110 1331 115 ’
1492 178 1624 244 217

51 297 204 348 forma
239 289 483 343 extrinseci
514 285 765 338 ambientis
784 282 1041 335 terminato
1066 314 1078 333 ,
1103 282 1213 345 ipfis
1250 280 1478 333 Testaceis
1499 301 1718 333 commu³

49 361 239 414 nicabili
259 395 274 416 ,
303 358 469 426 sponte
488 354 729 407 assumitur
764 353 919 418 figura
941 349 1190 414 perfec-‘tior
1213 381 1226 400 ‚
1251 351 1416 415 nempe
1439 353 1710 408 circularis,

56 431 307 479 inclinante
330 428 391 478 ad
444 428 537 474 hoc
561 428 744 475 Natura
763 454 775 474 ‚
816 420 958 474 obice
979 417 1050 465 illi
1068 433 1165 467 non
1182 417 1407 480 opposito
1428 451 1441 471 ‚
1465 433 1513 467 vt
1534 432 1726 483 apparet

49 500 98 546 in
118 497 456 562 coagulatione
496 490 710 541 humoris
735 521 750 541 ‚
793 503 847 536 ex
869 502 968 551 quo
989 484 1225 534 formatur
1241 486 1288 530 in
1305 499 1407 532 aere
1429 490 1612 550 grando
1629 520 1643 539 ‚
1682 493 1727 535 δε

49 566 352 630 perspicuum
413 561 469 610 fit
531 554 793 607 innumeris
846 552 1123 604 huiusmodi
1178 551 1394 602 fortuitis
1458 554 1728 619 generatio-

54 633 198 682 nibus
221 665 233 678 .
927 688 934 696 .
1167 686 1178 696 .
1309 688 1319 697 .

190 695 363 749 Verum
389 693 571 741 nonita
587 689 830 756 poffumus
851 687 1180 753 plulosophari
1199 719 1213 738 ,
1234 704 1350 751 quia
1368 689 1523 753 neque
1550 704 1729 752 coagu-

35 765 170 813 .lati0
194 761 408 814 humoris
428 761 557 810 illius
583 758 744 807 fimilis
761 755 854 806 illis
875 755 938 808 est
957 790 971 809 ,
992 756 1146 821 neque
1165 770 1307 804 omne
1329 764 1502 819 corpus
1525 758 1660 819 quod
1677 758 1725 802 in

45 844 211 895 aperto
236 845 406 893 campo
443 825 790 890 compingitur,
821 824 1027 875 cernitur
1051 825 1134 872 tali
1160 822 1314 887 figura
1331 824 1590 887 praeditum
1623 856 1634 874 ‚
1657 837 1730 871 at«

49 914 140 962 que
171 900 264 947 hoc
286 895 772 961 polito‚euinceretur
791 891 1218 954 in‘perfefflffimos
1246 893 1420 954 globos
1441 890 1730 939 efformanda

55 964 146 1012 effe
168 967 383 1015 Testacea
406 997 419 1011 .
454 961 741 1027 crystallum
763 958 858 1006 fere
879 973 1017 1009 omne
1039 958 1193 1022 figura
1220 973 1431 1023 exagona
1455 957 1729 1013 concrescit,

62 1032 296 1096 refertque
333 1037 531 1080 Ioannes
573 1033 683 1077 Laet
707 1062 721 1081 ,
761 1039 926 1090 aperto
962 1026 1308 1075 Amstelodami
1354 1026 1555 1074 foeminae
1578 1024 1729 1075 'cuius-
1766 1041 1842 1086 Lu»
1867 1046 1997 1091 ade„

50 1099 160 1146 dam
181 1100 401 1148 cadauere
432 1097 457 1145 ἐ
481 1096 698 1160 patibulo
716 1094 950 1156 pendente
974 1110 1100 1143 anno
1133 1098 1276 1155 1518.
1311 1093 1534 1143 inuentos
1559 1091 1726 1142 fuisse)
1770 1099 1911 1154 §.apale

50 1166 100 1212 in
121 1167 240 1215 fellis
269 1163 436 1214 veffica
453 1166 512 1213 ab
546 1163 760 1213 Henrico
791 1162 985 1212 Medico
1006 1161 1287 1210 Florentino
1310 1175 1520 1225 quatuor
1546 1158 1727 1225 supra-2

39 1232 214 1297 viginti
249 1233 449 1296 lapides,
471 1232 683 1280 eamdem
739 1229 941 1293 figuram
981 1230 1199 1279 cubicam
1232 1229 1528 1293 pra-ferentes
1551 1262 1564 1281 ‚
1604 1243 1729 1278 eam*

49 1300 253 1364 demque
278 1299 677 1362 magnitudinem,
703 1303 748 1344 &
772 1300 983 1346 colorem
1004 1331 1018 1344 .
1056 1302 1109 1347 In
1150 1295 1251 1343 felle
1290 1296 1570 1346 ferdinandi
1594 1299 1731 1347 Gon-

47 1381 180 1428 zagae
206 1365 509 1429 triangularis
564 1382 682 1415 vnus
725 1365 947 1415 inuentus
968 1365 1031 1413 est
1054 1397 1068 1418 ,
1112 1368 1154 1410 δε
1179 1364 1415 1414 Fabritius
1443 1367 1726 1414 Bartolettus

48 1432 99 1477 in
123 1432 227 1479 felle
246 1435 485 1486 mulier-iss
502 1437 706 1482 Mantuae
743 1445 978 1482 trecentos
999 1431 1185 1482 inuenit
1204 1463 1216 1484 ‚
1245 1432 1453 1480 formam
1478 1431 1659 1484 ciceris,
1685 1439 1728 1479 ἃ

52 1499 432 1562 magnitudinem
462 1501 717 1547 referentes
740 1531 753 1544 .
796 1503 950 1547 Olaus
971 1498 1246 1549 Borrichius
1280 1499 1577 1564 septuaginta
1592 1499 1728 1550 adin-

55 1569 188 1614 uenit
208 1565 479 1628 irregularis
499 1566 676 1628 figurae,
701 1576 750 1611 vt
766 1563 896 1615 fabas
913 1593 929 1615 .

176 1633 260 1680 Sed
277 1632 513 1681 obtundat
531 1631 615 1681 fibi
653 1630 888 1696 quispiam
907 1630 1029 1680 hisce
1052 1633 1293 1695 lapidibus
1321 1648 1484 1698 caput,
1504 1651 1720 1684 eorum-,⁹

43 1697 483 1762 causamiiiquirens
511 1732 524 1751 .
584 1702 688 1748 Nos
720 1700 845 1748 circa
880 1699 1058 1748 nostras
1101 1701 1331 1749 Cochleas
1373 1703 1720 1751 circurnuolua-

47 1780 156 1812 mur
178 1800 190 1811 .
229 1766 540 1816 Contendunt
558 1766 700 1814 multi
739 1783 792 1814 ex
818 1767 943 1815 Coeli
968 1780 1121 1821 motu,
1144 1780 1226 1816 aut
1249 1770 1369 1816 Solis
1390 1784 1549 1817 earum
1593 1769 1715 1832 figu-

50 1847 148 1879 ram
169 1831 397 1884 deriuare,
421 1836 588 1897 nempe
614 1836 719 1882 Sole
751 1835 965 1898 spiralem
999 1835 1170 1883 lineam
1193 1833 1459 1899 designante
1481 1870 1493 1889 ,
1524 1836 1637 1884 dum
1661 1851 1715 1882 ex

49 1915 144 1946 vno
170 1900 217 1946 in
242 1901 386 1949 alium
408 1903 678 1963 'I'ropicum
705 1900 1042 1967 circumagitur
1063 1935 1079 1960 ,
1099 1906 1316 1950 eumdem
1336 1905 1476 1951 etiam
1496 1903 1711 1967 spiralem

41 1979 232 2015 motum
258 1967 316 2025 ijs
343 1967 604 2028 impertiri,
633 1968 940 2019 referentibus
982 1969 1191 2018 eamdem
1213 1970 1342 2019 viam
1366 1971 1505 2020 luteis
1545 1987 1714 2034 corpo-

47 2032 198 2084 ribus,
220 2050 364 2097 quam
385 2036 460 2080 Sol
483 2033 577 2097 ipse
593 2035 696 2085 luce
733 2034 814 2083 sna
836 2035 1060 2083 describit
1080 2037 1129 2082 in
1150 2039 1288 2085 Coelo
1306 2071 1319 2083 .
1354 2043 1419 2090 At
1443 2037 1566 2086 enim
1595 2038 1704 2086 vero

57 2100 277 2152 videntur
292 2102 340 2147 hi
362 2100 482 2147 mihi
518 2102 566 2148 in
587 2098 686 2165 ipsa
707 2102 826 2148 tanti
847 2101 1039 2151 luminis
1061 2102 1274 2151 claritate
1290 2105 1522 2155 caecutire,
1545 2120 1712 2168 quam-

47 2167 211 2214 obrem
235 2184 328 2216 non
348 2167 534 2231 poliunt
559 2169 606 2216 in
641 2180 824 2218 tantam
860 2171 1002 2227 illam}
1022 2168 1296 2217 varietatem
1338 2187 1590 2235 corporum
1613 2205 1627 2228 ,
1653 2187 1707 2221 ac

44 2234 302 2297 figurarum
326 2237 552 2288 obtutum
602 2234 803 2298 deligere
823 2269 836 2288 ,
875 2252 1018 2301 quam
1068 2238 1142 2283 Sol
1182 2237 1438 2298 influentijs
1491 2239 1585 2288 suis
1628 2239 1709 2287 adm

41 2299 216 2365 spergit
239 2336 251 2349 .
291 2305 512 2352 Praesidet
532 2304 611 2350 ille
631 2334 645 2355 2
666 2316 717 2353 vt
732 2303 999 2354 communis
1022 2303 1242 2353 omnium
1272 2312 1407 2355 Pater
1424 2339 1437 2359 ,
1484 2314 1525 2354 &
1546 2323 1709 2370 quem-

48 2368 305 2418 admodum
325 2386 525 2434 corpora
543 2370 708 2419 omnia
728 2403 742 2423 ‚
763 2371 929 2419 eodem
952 2372 1055 2419 auri
1077 2385 1207 2420 texto
1233 2373 1350 2421 lucis
1377 2375 1619 2426 conuestit,
1644 2375 1710 2422 ita

46 2431 230 2484 suorum
261 2437 520 2487 infiuxuum
563 2437 809 2488 thesauros
828 2440 1048 2487 omnibus
1085 2439 1211 2504 eque*
1241 2441 1392 2504 aperit
1413 2475 1427 2494 ‚
1461 2458 1514 2489 ex
1535 2441 1708 2506 quibus

48 2501 273 2564 quodque
312 2506 395 2555 fibi
417 2519 600 2558 tantum
619 2504 819 2557 ass'umit,
844 2521 1072 2570 quantum
1110 2506 1335 2571 cuiusque
1357 2512 1538 2558 Natura
1567 2544 1577 2560 ,2
1595 2522 1711 2556 tem<

55 2567 294 2631 pericsque
327 2572 555 2635 deposcit,
581 2571 850 2635 perficiente
870 2591 1159 2637 vnoquoque
1203 2574 1249 2622 in
1286 2575 1327 2621 se
1350 2576 1452 2639 ipso
1473 2575 1709 2640 quidquid

49 2634 134 2680 fibi
157 2636 367 2701 indulget
389 2645 568 2689 Natura
593 2673 604 2685 .
643 2643 703 2686 Et
725 2642 1129 2702 quemadmodum
1153 2657 1243 2698 ros,
1266 2648 1310 2690 ἃς
1328 2658 1451 2706 aqua
1477 2678 1491 2700 ‚
1537 2645 1706 2707 quibus

48 2701 98 2749 in
123 2702 283 2751 eodem
312 2703 408 2754 solo
435 2707 572 2754 flores
597 2709 839 2759 laetantur,
868 2707 971 2756 alba
993 2706 1051 2766 fit
1073 2714 1117 2756 in
1145 2710 1270 2768 Lilz‘q‘s
1297 2743 1308 2762 ,
1331 2711 1468 2759 rubra
1489 2716 1535 2758 in
1559 2711 1677 2772 Rosis
1699 2745 1707 2761 ,

48 2772 92 2814 in
120 2774 319 2818 omnibus
343 2779 506 2830 omnia,
525 2787 574 2821 vt
595 2778 828 2836 eleganter
851 2774 1046 2821 Cirillus
1077 2775 1419 2825 Alexandrinus
1439 2810 1451 2832 ,
1478 2777 1544 2825 ita
1566 2794 1619 2825 ex
1638 2794 1712 2825 ca-

44 2836 140 2880 lore
169 2836 289 2884 Solis
311 2841 414 2885 luto
438 2839 708 2903 impertitur
728 2842 797 2888 vis
822 2840 1138 2888 condensandi
1172 2841 1213 2887 se
1240 2842 1283 2889 in
1310 2847 1548 2893 Metallum
1574 2878 1584 2896 ,
1607 2845 1714 2891 flori.

46 2900 272 2959 *siuacitas
302 2904 421 2955 adse
457 2906 507 2954 in
546 2907 661 2959 folia
683 2907 1041 2973 explicandum,
1085 2909 1399 2976 omnibusque
1434 2912 1714 2976 corporibus

1059 2979 1096 3024 E
1127 2991 1148 3023 e
1555 2978 1646 3027 vir-
