2144 3218
680 39 1038 154 cLAss1s
1110 76 1169 151 1.
1415 133 1425 145 ἢ
1558 100 1642 158 91

87 211 254 261 faciem
291 211 493 276 nigram,
518 213 589 261 vel
607 211 854 266 cineream,
878 225 963 263 aut
983 209 1045 262 ad
1067 214 1250 278 pullam
1269 214 1568 264 accedentem
1594 213 1747 264 osten-2

85 282 202 329 dunt
233 311 246 331 ‚
285 279 335 326 in
356 279 493 328 cuius
524 280 795 331 summitate
833 294 949 332 nota
969 277 1032 328 est
1053 280 1261 334 violacea
1279 315 1296 336 ‚
1336 299 1482 347 quam
1503 282 1645 331 multi
1669 296 1750 331 vo-

88 359 199 394 cant
222 347 432 396 Oculum
457 349 624 413 Hyrci·

131 421 168 485 3
239 415 412 463 Tubuli
434 447 447 466 ‚
467 429 550 465 aut
571 415 847 479 Siphunculi
868 414 1011 465 maris
1034 416 1051 466 ἑ
1080 414 1382 468 Diuiduntut
1397 415 1456 466 ab
1475 415 1746 465 Aldrouan·

272 481 338 536 do
372 483 421 530 in
445 483 658 549 quinque
681 483 854 548 species
874 514 888 534 ‚
924 482 1046 532 inter
1065 499 1184 548 quas
1207 482 1309 534 duae
1349 482 1455 533 sunt
1473 483 1753 549 praecipuael

87 547 157 597 Hi
182 551 306 597 mole
329 550 534 599 maiores
573 566 748 602 nomen
783 549 977 598 trahunt
1013 551 1042 597 a
1081 549 1239 599 forma
1260 552 1611 615 aliquantulum
1648 565 1754 600 cur-

84 631 160 667 ua,
192 628 240 663 vt
267 615 431 666 dentes
469 618 600 667 canis
623 652 636 673 ,
659 629 981 680 vocanturque
1007 619 1266 669 Dentaleu
1303 617 1412 666 sunt
1435 617 1664 669 rotundi,
1709 621 1757 663 δε

88 681 238 729 striati
266 714 280 734 ‚
300 684 414 734 albo
452 688 617 735 colore
649 682 909 751 aliquando
935 683 1159 734 labeculis
1199 682 1379 750 pallide?
1414 683 1759 735 rufescentibus

89 752 328 811 maculato
346 782 360 800 .

248 819 441 868 Antales
477 820 703 870 dicuntur
759 818 842 877 alii
876 815 1082 866 eiusdem
1119 817 1282 867 formae
1315 820 1334 876 ,“
1374 817 1453 867 sed
1482 819 1759 883 paruiores.

288 888 422 937 Falso
442 901 614 951 putant
649 886 865 937 nonnulli
897 885 926 934 e*
950 885 1154 936 maxillis
1195 884 1344 934 Piscis
1385 888 1601 936 Dentalis
1644 883 1764 932 ceci·

90 951 232 1004 disse,
267 954 382 1016 quia
420 954 526 1004 sunt
564 954 686 1004 testae
712 987 730 1006 ‚
765 953 815 1004 in
837 967 1041 1020 quarum
1077 952 1392 1002 vacuitatibus
1435 955 1555 1003 viuit
1580 951 1768 1003 vermis

91 1035 200 1068 cum
229 1018 337 1081 ipsis
377 1034 658 1082 generatus:
697 1021 805 1070 suut
844 1020 1077 1073 rotundi,
1119 1026 1165 1068 &
1210 1021 1441 1085 expoliti.
1485 1027 1529 1071 Λ
1556 1017 1774 1068 Dentali-

94 1088 181 1134 bus
214 1084 571 1151 distinguuntur
589 1089 825 1153 paruitate
850 1087 995 1139 molis
1017 1121 1031 1140 ,
1058 1093 1103 1135 δε
1122 1089 1286 1136 colore
1309 1119 1324 1144 ‚
1363 1104 1507 1153 quem
1553 1101 1604 1136 vt
1623 1086 1770 1150 pluri-

94 1169 228 1203 mum
253 1152 438 1203 roseum
461 1155 654 1215 habent,
673 1157 935 1220 aliquando
952 1155 1091 1204 lineis
1110 1157 1251 1219 pullis
1272 1158 1321 1202 in
1340 1156 1432 1203 basi
1454 1153 1778 1204 commistum.

106 1242 188 1289 10
254 1222 397 1273 Auris
421 1224 604 1272 marina
628 1257 641 1276 ‚
667 1227 728 1273 fic
745 1225 872 1273 dicsta
909 1227 938 1272 a
977 1221 1131 1288 specie
1150 1222 1278 1274 auris
1301 1221 1512 1272 humana:
1532 1256 1545 1276 ‚
1587 1237 1778 1287 quam-1·

97 1306 104 1309 >
285 1289 427 1336 habet
449 1321 464 1334 .
502 1290 700 1340 Dicitur
731 1291 759 1340 a
785 1290 1005 1341 Bellonio
1040 1292 1222 1340 Patella
1256 1291 1410 1338 maior
1434 1306 1449 1343 3
1481 1290 1597 1355 quia
1627 1290 1783 1337 Patei=

97 1361 150 1406 1ae
188 1353 331 1402 instar
347 1353 466 1404 saxis
495 1358 728 1413 adhaeret.
772 1357 992 1407 Ostendit
1033 1357 1082 1403 in
1109 1370 1241 1419 parte
1264 1370 1470 1404 extrema
1491 1356 1783 1420 principium

101 1426 232 1473 lineae
256 1420 469 1482 spiralis,
512 1423 561 1469 in
584 1438 679 1488 qua
696 1435 864 1485 patent
912 1423 1144 1471 foramina
1179 1421 1342 1484 aliqua
1363 1454 1377 1474 ‚
1414 1424 1516 1486 quo
1537 1423 1693 1486 magis
1725 1421 1786 1471 ab

105 1486 292 1553 origine
331 1485 585 1540 distantia,
625 1491 685 1538 eo
714 1488 925 1541 maiora,
965 1487 1189 1553 &magis
1229 1490 1487 1539 eminentia
1512 1521 1527 1546 ,
1561 1504 1645 1552 per
1680 1505 1783 1556 quae

102 1555 293 1607 Animal
338 1553 586 1603 humorem
612 1556 806 1618 exugits
841 1561 986 1608 lutea
1019 1555 1084 1603 est
1108 1588 1122 1610 ,
1156 1568 1205 1603 vt
1219 1557 1480 1619 plurimum
1504 1570 1693 1606 externa
1720 1557 1787 1606 fa-

103 1624 198 1675 cies
233 1621 520 1685 rubiginofis
547 1625 674 1673 notis
698 1627 932 1674 maculata
955 1655 969 1676 ‚
990 1623 1087 1672 flue}
1129 1635 1178 1671 vt
1200 1623 1272 1670 fex
1290 1622 1479 1673 sordide
1521 1623 1750 1673 rufescens
1767 1656 1781 1675 ,ι

104 1694 267 1739 colore
298 1688 474 1751 pallide*
502 1690 642 1738 viridi
674 1691 860 1755 aspersa
880 1724 893 1738 .
930 1691 1106 1754 Aspera
1125 1689 1189 1739 est
1206 1723 1222 1744 ‚
1240 1696 1285 1738 &
1301 1689 1545 1756 inaequalis
1568 1691 1634 1738 ob
1651 1689 1786 1757 quas-

105 1759 213 1806 dam
231 1757 379 1809 strias‚
405 1771 607 1820 quarum
648 1760 792 1806 etiam
809 1759 1025 1809 maxima·
1043 1757 1335 1822 profundius
1360 1757 1617 1809 sulcantur.

119 1848 142 1889 1
165 1847 190 1892 1
268 1822 491 1871 Eiusdem
514 1824 732 1875 auriculae
751 1839 861 1889 pars
905 1841 1134 1880 concaua,
1157 1824 1205 1873 in
1230 1826 1456 1875 omnibus
1484 1826 1662 1888 semper
1686 1821 1785 1887 spe-

302 1889 484 1937 &abilis
506 1922 519 1941 ‚
542 1892 802 1954 aliquando
827 1892 952 1942 enim
998 1893 1186 1943 videtur
1231 1893 1493 1958 Margaritae
1541 1891 1786 1940 orientalis

111 1962 272 2011 decor,
291 1955 548 2019 aliquando
580 1963 743 2009 ‘AEneus
763 1963 900 2008 color
934 1975 1136 2024 argento
1171 1959 1336 2008 mistus
1357 1993 1372 2012 ,
1395 1961 1564 2023 aliquae
1585 1958 1693 2005 vero
1715 1957 1790 2004 di-

112 2027 266 2078 uersas
311 2023 453 2086 Opali
495 2023 722 2074 tinzsturas
757 2024 888 2075 iuxta
929 2027 1079 2077 varias
1119 2025 1314 2075 luminis
1351 2025 1681 2076 irradiationes
1718 2024 1790 2072 in-

111 2096 300 2144 dicant·

130 2187 154 2230 1
171 2185 210 2234 Ζ
278 2157 459 2208 Patella
478 2154 664 2220 optime*
685 2156 892 2222 lenigata
916 2159 1038 2207 inter
1057 2171 1220 2206 omnes
1240 2158 1443 2206 maxima
1460 2189 1474 2214 ,
1512 2157 1687 2209 Vberis
1705 2171 1790 2223 pa-

309 2223 474 2292 pillam
497 2223 701 2279 exhibet,
723 2240 966 2289 nunquam
991 2226 1135 2275 huius
1162 2225 1322 2289 figura:
1345 2228 1522 2274 molem
1543 2224 1783 2274 excedens·

119 2294 364 2344 quenitur
383 2291 509 2355 apud
533 2295 761 2343 canarias
781 2294 959 2343 Insulas
984 2326 998 2347 ‚
1018 2309 1140 2357 quas
1163 2297 1445 2346 Fortunatas
1474 2295 1788 2356 appellamus,

119 2362 166 2410 in
184 2360 400 2425 qualibet
425 2372 558 2424 parte
581 2362 715 2411 lac-tis
757 2359 1023 2410 albedinem
1047 2360 1205 2412 induit
1223 2393 1237 2414 ‚
1264 2359 1519 2430 perspicuo
1558 2358 1672 2410 fuco
1693 2358 1791 2406 cir-

121 2431 292 2480 te&am
313 2461 327 2475 .

127 2520 151 2564 1
170 2516 203 2580 3
280 2492 507 2546 Nautilus
545 2492 640 2542 flue*
660 2495 897 2559 Nauplius
925 2511 1123 2546 numero
1146 2494 1306 2560 primo
1338 2494 1576 2543 indicatus
1603 2510 1616 2547 ;
1653 2505 1792 2541 voca«

312 2575 389 2610 tur
408 2559 549 2609 etiam
581 2562 744 2610 Italice
773 2564 910 2627 Polpo
931 2565 1232 2626 Moscardino‚
1251 2575 1333 2611 aut
1351 2562 1603 2624 Moscarolo
1629 2594 1642 2607 .
1698 2564 1795 2610 Na-

122 2635 268 2685 scitur
291 2629 338 2678 in
352 2626 601 2678 Adriatico
629 2630 785 2679 Italiae
800 2629 1035 2678 adiacenti
1056 2663 1068 2683 ,
1089 2632 1319 2694 illumque
1350 2629 1471 2678 iuter
1516 2633 1679 2692 Sepias
1720 2626 1799 2675 ΡΞ,

120 2702 325 2752 scatores
360 2695 715 2759 deprehendunt
749 2697 900 2761 prope}
921 2699 1126 2748 litorales
1168 2696 1419 2762 scopulos,
1468 2695 1545 2744 vbi
1581 2695 1801 2758 frequen-

119 2783 189 2819 ter
214 2765 419 2833 pascitur
441 2763 477 2807 ·'
511 2765 652 2816 Tella
692 2765 763 2813 illi
800 2765 862 2813 est
900 2766 1033 2815 valde*
1066 2765 1253 2816 subtilis
1278 2764 1494 2833 folioque
1534 2776 1798 2827 papyraceo

116 2834 295 2891 similis,
312 2829 562 2899 pellucida,
584 2839 626 2882 &c
651 2831 855 2899 fragilis,
880 2834 1030 2892 lacteo
1055 2836 1215 2888 colore
1239 2832 1427 2901 imbuta
1455 2861 1468 2883 .-
1510 2831 1793 2903 Nauiculam

1129 2905 1179 2955 M
1249 2916 1280 2951 2
1580 2909 1733 2958 expri-
