2144 3218
179 249 403 295 Attamen
433 236 568 290 sicuti
603 251 699 287 non
734 230 895 284 otiose
921 232 1090 280 oculos
1119 244 1419 299 mentemque
1455 230 1721 295 defigimus

48 317 96 365 in
120 314 257 362 rebus
287 313 362 374 ijs,
380 323 490 377 quae
509 308 558 354 in
579 306 666 355 hac
700 308 893 356 Naturae
915 299 1117 350 Theatro
1137 313 1475 365 proponuntur
1498 334 1513 354 ,
1557 303 1602 346 δι
1617 301 1718 348 lau·-

50 383 196 431 dabili
210 382 382 433 studio,
404 375 695 427 considerare
726 388 837 423 cum
857 373 922 418 D.
946 368 1241 433 Hieronymo
1260 370 1504 434 possumus
1535 367 1674 416 flores
1691 398 1707 421 .

53 451 225 501 Lilium
247 465 354 498 cum
381 444 574 497 Nisscuo
596 477 610 499 ‚
651 458 760 491 cum
776 436 1068 489 Tertulliano
1089 441 1332 486 Pauonem
1355 436 1479 485 iuter
1503 449 1616 484 aues
1650 432 1717 482 ob

49 521 235 583 plumas
258 518 536 581 praeclarum
556 544 570 564 ,
612 510 680 562 ita
698 513 795 558 uon
816 504 1030 556 audaciae
1050 537 1062 557 ‚
1085 503 1162 552 sed
1188 504 1320 554 laudi
1348 501 1632 553 tribuendus
1655 499 1720 548 est

49 599 247 635 conatus
272 585 346 631 ille
365 614 378 634 ,
416 597 518 644 quo
536 578 767 626 rationem
789 571 1079 637 inquirimus
1109 571 1156 617 in
1191 571 1396 621 tenebris
1419 568 1621 621 omnino
1656 571 1725 616 la-

55 665 248 702 tentem,
271 651 392 697 inter
412 662 531 711 quas
569 644 732 693 semita
767 638 1019 706 aperienda
1049 637 1113 687 est
1136 639 1310 687 mentis
1327 638 1445 691 face,
1481 638 1509 686 a
1530 635 1725 684 veritate

55 717 293 782 probabili
316 716 457 763 nobis
473 711 842 763 communicata,
862 708 1054 756 illorum
1069 705 1211 755 instar
1235 739 1249 759 ,
1268 707 1356 772 qui
1372 707 1727 753 metallorum..-

60 785 248 836 fodiuas
266 783 325 833 ad
342 781 584 832 thesauros
603 778 835 829 eruendos
872 789 1054 839 magno
1069 790 1181 823 cum
1203 773 1307 822 vitae
1328 770 1600 822 discrimine
1621 784 1731 834 per·-

53 851 333 909 scrutantur,
357 847 597 915 luteasque
616 847 794 913 glebas,
826 856 878 893 vt
889 842 1150 908 plurimum
1173 842 1392 892 manibus
1416 839 1724 911 pertractant.

56 919 274 969 Feliciter
293 934 528 970 erramus,
569 916 731 980 inquit
754 911 1027 972 Aristoteles
1050 942 1065 963 ‚
1102 909 1298 974 quando
1319 925 1428 960 cum
1468 920 1624 956 errore
1644 906 1734 952 ali-

52 986 173 1050 quid
195 1001 353 1033 verum
389 982 672 1048 assequimur
694 1015 709 1036 ‚
740 981 811 1045 ita
830 994 930 1029 non
964 993 1266 1043 quaecunque
1290 972 1552 1042 procellosa
1584 971 1733 1020 maris

56 1052 263 1118 agitatio
285 1051 489 1100 nauibus
510 1063 651 1098 nocet
671 1081 685 1102 ,
709 1048 820 1097 licet
839 1050 868 1097 a
887 1046 1031 1096 litore
1048 1045 1244 1110 quaesito
1279 1060 1357 1094 eas
1390 1052 1638 1091 remoueat
1660 1071 1674 1091 ‚
1696 1039 1730 1086 fi

54 1121 116 1169 ad
134 1120 325 1183 ignotas
361 1131 591 1166 terrarum
609 1119 773 1181 plagas
804 1112 1175 1180 appulerint,vbi
1193 1128 1349 1164 nouos
1373 1126 1528 1160 mores
1550 1109 1733 1157 Incola-

55 1203 160 1236 rum
197 1183 459 1249 agnoscant
481 1189 669 1237 Nautae,
688 1183 919 1250 nouisque
943 1181 1186 1230 mercibus
1218 1180 1413 1229 redeant
1438 1179 1488 1224 in
1515 1173 1729 1225 Patriam

58 1253 213 1301 onusti
234 1287 247 1299 .
834 1280 837 1282 -

199 1319 327 1366 Licet
344 1317 496 1379 igitur
530 1332 685 1366 veram
706 1318 976 1380 claramque
1011 1311 1521 1378 rerumxcognicionem
1558 1306 1733 1372 assequi

58 1383 158 1432 illic
176 1383 368 1447 sperem,
391 1385 471 1430 vbi
493 1388 713 1431 Increatae
753 1383 1001 1443 Sapientiae
1022 1384 1182 1437 lumen
1218 1378 1501 1442 ignorantiae
1524 1375 1734 1426 tenebras

56 1451 246 1515 prorsus
266 1449 545 1497 exterminat
565 1464 580 1501 3
623 1448 672 1494 in
695 1447 793 1502 hac}
812 1444 1068 1510 caliginosa
1104 1446 1356 1510 gvmnade,
1381 1446 1432 1491 in
1455 1458 1551 1507 qua
1590 1440 1740 1490 versa-

56 1532 180 1568 mur,
201 1518 419 1565 colorum
437 1514 792 1579 inquisitionem
812 1529 904 1579 pro
932 1527 1037 1563 mea
1058 1514 1598 1579 tenuitate‚quaecunque
1615 1510 1740 1559 illa-..v

56 1584 128 1637 fit,
154 1585 247 1632 hoc
269 1583 410 1646 pafto
432 1582 683 1647 aggrediar
708 1615 723 1628 .

192 1649 359 1699 Primo
387 1648 599 1713 suppono
615 1647 855 1712 duplicem
875 1651 1092 1699 colorum
1114 1646 1313 1712 speciem
1336 1646 1558 1696 Cochleis
1581 1644 1732 1697 inesse,

63 1715 197 1766 sicuti
210 1716 426 1766 etiam2i11
450 1717 669 1765 Gemmis
692 1749 705 1769 ‚
733 1717 887 1780 Opaci
910 1717 1128 1764 videlicet
1149 1747 1163 1769 ‚
1181 1721 1226 1763 &
1249 1713 1489 1778 Diaphani
1509 1712 1605 1762 siue*
1625 1718 1734 1760 Per-

64 1783 213 1848 spicui
239 1817 253 1831 .
293 1790 504 1848 Vterque
545 1798 702 1834 autem
723 1817 737 1837 ,
777 1786 846 1831 vel
870 1784 937 1834 eis
967 1783 1154 1835 realiter
1178 1782 1308 1836 inest,
1332 1781 1472 1830 etiam
1499 1780 1726 1830 absente:

60 1852 181 1903 luce,
203 1853 270 1898 vel
292 1850 444 1898 solum
466 1867 691 1915 apparens
729 1850 790 1900 est
807 1883 819 1904 ,
836 1867 945 1900 cum
964 1856 1044 1902 lux
1062 1850 1258 1915 affulget
1276 1882 1291 1904 ‚
1332 1854 1377 1897 δε
1398 1864 1488 1913 pro
1504 1845 1734 1896 diuersa.»

37 1918 179 1967 xlucis
208 1917 465 1963 intensione
481 1922 613 1966 color
632 1919 838 1968 variatur
855 1952 869 1972 ,
893 1932 944 1966 vt
962 1920 1146 1970 videtur
1162 1920 1212 1966 in
1237 1932 1426 1982 gemma
1455 1918 1614 1978 Opalo
1636 1945 1648 1965 ‚
1676 1918 1724 1960 &

38 1983 106 2044 ,in
123 1984 236 2032 testa
253 1983 484 2047 praecipue
510 1985 714 2034 Nautiu,
735 1987 784 2033 in
805 2002 905 2048 quo
933 2017 949 2040 ,
977 2001 1027 2035 vt
1047 1989 1095 2033 in
1128 1985 1253 2034 Iride
1272 1984 1463 2033 notauit
1483 1987 1695 2030 Seneca)
1716 1995 1731 2032 3

62 2051 468 2111 videmusaliquid
493 2051 695 2111 flammei
715 2083 728 2102 ‚
748 2053 921 2114 aliquid
942 2054 1053 2100 lutei
1072 2085 1088 2104 ,
1107 2054 1279 2115 aliquid
1298 2052 1476 2098 coerulei
1503 2082 1515 2101 ‚
1548 2053 1603 2098 ἴθ’
1624 2065 1729 2098 ειη.»
1766 2050 2000 2108 Ορπίὶήκι

62 2117 289 2177 diffimiles
322 2115 490 2162 colores
513 2118 604 2177 sint
630 2118 751 2176 seire
786 2132 871 2163 non
890 2116 1032 2179 postis,
1056 2117 1136 2176 nisi
1157 2132 1257 2164 cum
1276 2118 1437 2179 primis
1476 2127 1729 2164 extrema...
1765 2105 1952 2156 ¹¹3³&ss-

63 2182 338 2249 contuleris.
374 2180 532 2231 Huius
549 2181 724 2231 coloris
760 2179 998 2246 perspicui
1031 2197 1221 2231 examen
1262 2180 1445 2247 Opticae
1467 2181 1728 2243 disciplinae

64 2249 298 2312 relinquo,
311 2260 360 2293 vt
377 2252 593 2298 colorum
613 2248 794 2298 tantum
818 2248 1158 2316 origiuem,qui
1175 2248 1269 2298 fine
1291 2251 1376 2296 vlla
1393 2249 1512 2296 lucis
1535 2247 1730 2296 mixtio-

63 2329 121 2362 ne
137 2315 422 2378 corporibus
448 2315 617 2370 insunt,
641 2314 976 2381 recognoscam
996 2350 1008 2363 .

200 2388 388 2445 Septem
410 2383 519 2432 vero
544 2384 650 2433 sunt
673 2388 908 2434 Colorum
944 2383 1116 2449 species
1137 2415 1150 2435 ‚
1173 2383 1303 2432 iuxta
1321 2379 1729 2444 Philosophum-2.

71 2447 220 2513 Niger
240 2451 464 2499 nimirum
490 2484 504 2503 ‚
529 2449 611 2502 sub
641 2468 743 2516 quo
774 2451 1188 2515 comprehenditur
1209 2451 1378 2499 Fuscus
1395 2482 1407 2502 ‚
1450 2448 1728 2510 fiquidem

70 2519 242 2565 Fuscus
279 2518 342 2564 est
358 2517 601 2581 quoddam
634 2520 861 2584 Nigrum,
885 2520 1053 2572 Albus,
1081 2522 1276 2570 Flauus,
1321 2516 1551 2569 Puniceus
1575 2548 1587 2567 .
1616 2522 1733 2565 Pur-
1766 2542 1844 2585 Lib
1861 2542 1909 2582 de
1936 2539 2000 2582 sm

69 2599 258 2647 puteus,
280 2585 478 2638 Viridis,
499 2593 541 2634 &
561 2591 804 2637 Caeruleus
827 2621 839 2641 ‚
863 2587 948 2650 qui
966 2590 1148 2638 colores
1163 2585 1418 2634 consistunt
1458 2585 1506 2631 iu
1526 2585 1729 2647 quadam
1770 2600 1812 2640 ἂ
1831 2596 1972 2637 {enfin

71 2651 399 2701 mediocritate
420 2654 542 2703 inter
571 2657 748 2707 album,
768 2654 1029 2718 &nigrum
1050 2689 1062 2702 .
1120 2654 1314 2718 Reliqui
1334 2656 1515 2701 colores
1536 2667 1732 2715 compo·
1767 2663 1849 2693 c-4·
1883 2653 2004 2698 artai

66 2733 242 2768 nuntur
270 2736 322 2767 ex
337 2722 566 2771 mixtione
604 2725 777 2773 horum
817 2722 1023 2785 septem.
1078 2722 1178 2781 Alij
1201 2722 1312 2769 vero
1352 2721 1412 2769 ad
1434 2721 1735 2767 mixturam-2
1768 2717 1877 2747 ’ΜΨ

65 2791 279 2836 colorum
300 2819 313 2842 ,
341 2790 688 2856 eorundemque
729 2789 981 2841 secundum
1005 2793 1236 2840 naturales
1257 2789 1429 2851 gradus
1451 2789 1701 2851 geneum-2
1722 2820 1735 2837 .

64 2855 290 2923 anue
322 2858 558 2924 praefipua
576 2875 740 2910 eorum
767 2872 933 2924 genera
951 2873 1041 2924 pro
1062 2857 1370 2908 fundamento
1386 2867 1572 2921 ponunt
1595 2884 1610 2901 .
1656 2856 1741 2903 Al-

1002 2927 1052 2973 Η
1122 2942 1156 2979 2
1535 2922 1676 2974 bum}
