2144 3218
773 83 980 163 CAP.
1017 87 1084 159 X
1107 85 1209 159 11.>
1629 88 1668 157 8
1678 102 1719 169 3=

139 222 333 274 finissem
359 220 586 271 fabricare
607 251 620 272 ,
664 218 828 269 verum
871 217 921 265 in
952 214 1056 281 ipso
1075 224 1312 262 marmore
1341 208 1653 262 construendo
1690 225 1811 261 nun*

136 305 281 355 quam
309 290 460 342 illam,
481 289 698 338 stimulos
731 288 842 337 licet
865 285 1083 349 ingentes
1123 283 1342 345 voluptas
1361 279 1558 341 adijciat
1576 312 1588 332 ‚
1617 282 1808 327 aemula-

131 357 263 406 bitur
282 390 296 404 .
333 362 566 406 Poterant
586 356 841 406 Vitruuius
862 387 876 407 ‚
908 359 954 401 &
974 347 1283 402 Archimedes
1306 361 1494 399 montes
1521 346 1733 411 lapideos
1755 347 1805 394 in

131 424 370 477 Porticus,
385 424 433 471 in
453 428 736 477 Columnas,
758 423 805 471 in
824 419 1042 471 Fornices
1058 415 1332 466 distribuere
1350 447 1366 472 ‚
1388 427 1436 463 at
1461 415 1764 465 cochleam-2
1786 446 1802 468 ‚

129 495 198 540 vel
220 491 468 541 minimam
489 491 755 540 construere
770 523 782 543 ,
803 487 1092 537 diminutam
1132 484 1310 548 semper
1324 482 1686 548 proportionem
1711 482 1802 534 in.»

131 558 332 609 orbibus
351 558 764 607 circumducendis
787 552 1134 605 seruando‚non
1149 561 1376 616 poterunt
1389 580 1407 600 0

263 625 403 674 Adeo
432 641 594 675 verum
625 624 688 673 est
729 623 905 687 semper
929 618 1188 685 iperbolica
1219 632 1389 665 vocum
1439 612 1687 666 additione
1708 631 1799 666 nos

127 692 281 756 loqui,
309 707 417 742 curn
436 694 663 746 dicimus,
694 691 831 742 Artis
868 704 992 754 opus
1013 684 1263 735 materiam
1296 681 1530 747 superari,
1565 685 1627 733 ad
1646 683 1799 733 laudi-

127 760 214 809 bus
247 761 364 809 illud
379 760 743 810 celebrandum.
776 761 866 806 Illa
884 756 1059 821 quippe
1096 753 1182 802 nisi
1208 766 1353 801 aureo
1387 747 1595 826 pondere
1629 751 1799 814 aequali

126 827 330 883 ducatur
347 860 363 885 ,
381 831 526 879 velex
544 827 685 877 huius
720 825 904 891 inopia,
928 826 998 872 vel
1020 836 1074 870 ex
1095 819 1235 884 copia
1256 831 1471 869 materia:
1494 815 1708 869 deriuat.

174 897 189 909 ”’
262 897 454 944 Horum
493 893 898 945 animaduersione
939 888 1144 955 quilibet
1168 887 1347 951 poterit
1378 885 1610 935 Cochleas
1647 886 1798 937 oculis

136 961 430 1023 perlustrare,
452 962 628 1027 absque
653 962 711 1011 eo
734 959 870 1024 quod
890 956 1097 1009 stultitiae
1116 969 1280 1004 notam
1298 953 1659 1005 timeat2merito
1680 956 1799 1003 olim

124 1027 197 1075 illi
229 1028 480 1082 tributam,
501 1029 587 1094 qui
611 1026 920 1079 iaciabundus
937 1026 995 1075 de
1020 1023 1063 1073 se
1080 1022 1185 1088 ipso
1202 1022 1358 1073 aiebat
1384 1038 1395 1065 :
1429 1021 1516 1071 Ille
1556 1035 1631 1095 egfi
1655 1022 1799 1081 sum„

128 1095 248 1143 nulli
294 1110 517 1159 nugarum
560 1097 694 1145 laude
710 1096 967 1158 secundun
1002 1091 1188 1142 Poterit
1227 1089 1354 1139 enim
1390 1086 1689 1137 laudabiliter
1710 1089 1799 1137 im,

131 1174 366 1224 apparatu
399 1163 618 1223 conuiuij
651 1162 937 1229 peculiarem
975 1160 1137 1211 cibum
1173 1156 1394 1209 laudibus
1433 1156 1544 1219 quis
1562 1156 1760 1209 efferre)
1783 1187 1798 1207 ‚

124 1229 307 1276 caetcris
348 1230 533 1277 silentio
549 1245 646 1277 non
669 1228 868 1293 quidem
889 1225 1181 1291 contemptis
1203 1256 1217 1277 ‚
1267 1223 1353 1286 sed⁸
1366 1222 1685 1286 praetermiffis
1710 1260 1724 1280 ,
1759 1232 1805 1274 &

127 1293 264 1342 ficuti
308 1293 355 1340 in
377 1298 612 1345 Gemmea
634 1294 763 1345 bulla
794 1295 930 1344 suum
971 1294 1118 1343 habet
1153 1291 1359 1358 pretium
1404 1291 1601 1342 Berillus
1639 1325 1654 1345 ,
1693 1294 1808 1343 licet

122 1360 400 1409 Adamante
420 1362 582 1413 vilior,
605 1363 666 1410 sic
687 1362 865 1424 pariter
884 1362 1008 1408 inter
1022 1361 1195 1410 statuas
1227 1354 1459 1422 pretiosas
1493 1356 1808 1427 tabulasquv

125 1425 322 1490 egregie
338 1426 609 1488 picturatas,
635 1426 770 1475 suum
792 1425 970 1474 merito
997 1427 1160 1473 locum
1182 1422 1409 1471 obtinent
1432 1426 1671 1475 Cochleae.

256 1492 492 1543 Videntur
525 1492 674 1557 igitur
692 1493 741 1540 in
765 1491 930 1541 Museo
952 1523 965 1543 ‚
1004 1489 1140 1557 quod
1158 1490 1185 1538 a
1223 1486 1429 1540 Vormio
1458 1491 1631 1557 infigni
1654 1495 1809 1544 Medi.

115 1558 242 1610 cinae
284 1558 544 1621 professore
570 1560 618 1606 in
655 1558 904 1611 Ollandia‚
936 1559 1253 1610 Vormianum
1273 1556 1470 1612 dicitur,
1492 1559 1551 1606 ab
1589 1562 1804 1612 eodem...

117 1627 323 1692 publicis
346 1628 392 1674 in
410 1628 602 1692 paginis
619 1627 806 1676 erudite
841 1625 1143 1694 descriptum:
1169 1625 1388 1678 videntur
1409 1627 1458 1674 in
1478 1627 1640 1678 Museo
1664 1631 1804 1678 nobi.

121 1693 302 1744 liffimae
322 1697 526 1743 Familiae
548 1693 1231 1748 Calceolariae30stentantur,in
1255 1692 1576 1756 Cospiano,1ic
1596 1696 1725 1745 dicio
1739 1699 1800 1748 ab

121 1760 430 1811 Illustriffimo
455 1762 730 1811 Marchione
766 1762 1058 1811 Ferdinando
1096 1759 1279 1828 Cospio
1304 1792 1318 1812 ‚
1346 1761 1468 1811 Viro
1494 1763 1629 1811 cuius
1666 1763 1795 1813 doti-

126 1828 450 1891 businfigniri
482 1833 701 1879 Bononia
733 1830 833 1883 iure
860 1829 1129 1893 gloriatum
1168 1843 1263 1878 non
1283 1829 1438 1893 magis
1459 1863 1476 1887 ,
1516 1843 1564 1878 vt
1598 1834 1791 1881 Naturae

117 1893 306 1944 curiosa
326 1907 563 1958 portenta,
588 1913 731 1959 quam
752 1903 914 1960 Magni
937 1896 1133 1946 Etruriae
1158 1896 1312 1945 Ducis
1335 1895 1385 1943 in
1405 1897 1577 1946 Virum
1602 1902 1791 1950 talem-2

115 1961 450 2013 beneuolentia-
470 1962 646 2012 indicia
671 1964 784 2026 ‚qui
808 1963 1081 2013 huiusmodi
1097 1963 1242 2013 maris
1265 1962 1496 2015 fructibus
1523 1966 1788 2017 Multum-o

114 2027 372 2091 caeteroqui
391 2032 686 2091 praeclarum,
709 2029 863 2080 voluit
878 2029 1197 2079 condecorare
1218 2062 1232 2076 .

282 2094 411 2146 Alias
453 2093 619 2159 selegit
659 2097 710 2143 in
767 2094 1096 2159 Neapolitani-s
1143 2094 1388 2143 littoribus
1431 2097 1787 2150 Eruditiffimus

124 2167 385 2227 imperatus
417 2194 431 2208 .
481 2169 677 2215 Verona:
715 2161 764 2208 in
811 2160 976 2212 Museo
1021 2160 1271 2211 Muscardo
1318 2167 1476 2215 multae
1510 2166 1788 2234 circumspi-

116 2229 346 2284 ciuntur;
385 2230 747 2295 quamplurimae
777 2228 826 2276 in
865 2229 1128 2293 Septaliano
1152 2229 1445 2284 Mediolani,
1467 2232 1590 2281 inter
1622 2237 1787 2286 omnia

119 2311 314 2362 propter
355 2297 484 2347 varia
515 2310 618 2347 tum
658 2302 851 2348 Naturae
874 2329 888 2350 ‚
928 2310 1031 2346 tum
1078 2298 1209 2348 Artis
1255 2311 1401 2363 opera
1420 2300 1724 2351 celeberrimo
1773 2337 1787 2349 .

114 2365 488 2430 Quamplurima:
517 2365 658 2418 etiam
694 2364 802 2416 sunt
840 2366 1072 2417 Bononiae
1125 2366 1174 2413 in
1215 2365 1375 2417 Museo
1417 2368 1581 2416 Iacobi
1606 2372 1786 2419 Zanoni

116 2431 222 2481 Viri
243 2431 344 2496 pari
375 2434 686 2486 humanitate,
705 2448 760 2482 ac
777 2433 1010 2485 Botanicae
1039 2433 1153 2481 artis
1176 2433 1345 2496 peritia
1362 2468 1377 2491 ,
1407 2450 1551 2500 quam
1575 2440 1787 2487 luculen-

115 2511 187 2547 ter
206 2499 398 2548 testatur
438 2501 677 2552 eruditum
722 2516 844 2565 opus
875 2501 1020 2566 Typis
1045 2500 1310 2566 impressum
1356 2517 1481 2552 anno
1503 2506 1650 2568 1675.
1685 2521 1788 2570 quo

118 2569 375 2617 multarum
404 2568 650 2620 herbarum
680 2568 997 2632 proprietates
1040 2569 1309 2618 reconditas
1332 2602 1344 2620 2
1383 2570 1596 2637 nouique
1639 2573 1788 2622 Orbis

113 2637 298 2698 plantas
324 2636 468 2686 Italiae
515 2638 705 2701 ignotas
728 2635 956 2700 patefecit
980 2670 993 2690 ‚
1018 2652 1140 2686 nunc
1157 2638 1184 2685 a
1204 2639 1270 2690 D,
1286 2642 1540 2703 peregrino
1557 2644 1784 2691 Zanonea

108 2702 236 2766 patri
255 2704 302 2750 in
322 2715 525 2768 Vtroque
549 2721 642 2754 non
668 2705 849 2767 impare
869 2704 1010 2757 Filio,
1037 2703 1221 2756 summo
1241 2705 1398 2755 studio
1415 2707 1658 2756 custoditae
1678 2723 1788 2759 cnm

111 2769 290 2821 caeteris
314 2771 540 2836 variJ‘sque
556 2772 751 2823 curiosis
775 2775 966 2824 Naturae
987 2773 1234 2836 operibus,
1264 2789 1368 2838 quae
1392 2779 1564 2839 longa,
1588 2782 1631 2823 δε
1649 2791 1790 2824 accua

106 2850 211 2888 tata
246 2838 435 2888 solertia
453 2855 507 2888 ex
527 2841 691 2891 multis
722 2838 890 2893 Mundi
911 2839 1212 2906 Regionibus
1234 2845 1404 2892 Parens
1421 2840 1780 2896 amantiffimus,

1216 2909 1250 2963 L
1324 2927 1348 2962 2
1638 2909 1755 2958 dum
