2144 3218
631 87 768 162 Ao
818 85 1381 164 LECTOREM.
1685 116 1728 184 3-

167 211 514 283 promereatur.
549 211 624 261 13st
641 228 697 261 ne
716 224 872 262 autem
904 213 1346 273 contemptibilius,
1386 226 1529 281 atque
1564 212 1822 263 informius

172 287 380 334 Cochlea
394 299 446 330 ex
465 279 763 332 Animalibus
779 280 925 328 vllum
951 281 967 326 ἐ
1003 284 1163 338 Quam
1182 280 1292 345 apte
1313 282 1445 333 illam
1471 279 1817 344 contemplanti

169 352 369 412 obijcias
387 350 519 415 quod
534 353 801 398 Teutonum
822 348 1001 396 Orator
1022 349 1252 404 Romanis
1282 382 1296 402 ,
1321 349 1434 413 qui,
1475 362 1526 397 vt
1549 347 1731 400 Plinius
1748 359 1821 392 re-

169 416 276 471 fert,
295 421 499 468 Romam
518 415 597 464 vbi
616 413 800 465 veniffet
820 445 835 466 ‚
858 410 1049 476 eiusque
1078 415 1395 477 pulcherrima
1413 429 1618 481 quaeque
1637 410 1822 466 lustras·

171 485 256 537 set,
275 482 584 547 contemplati
627 479 765 532 iussus
785 478 814 529 a
831 477 1112 531 ducentibus
1133 480 1229 537 fuit
1270 481 1480 533 tabulam
1506 483 1681 544 pistam
1698 479 1824 533 sum·

173 552 259 609 mi,
276 565 326 599 vt
341 551 545 601 aiebant,
563 549 720 612 pretii.
735 558 878 610 atque
898 546 1085 607 artificij
1105 580 1120 596 0
1157 548 1405 599 Referebat
1424 565 1475 598 ea
1500 548 1699 597 Pastoris
1723 543 1831 608 spe--

172 619 292 667 ciem
314 615 547 684 pascendo
582 615 718 678 gregi
757 612 955 667 intenti,
996 613 1166 670 habitu
1190 647 1205 667 ‚
1251 616 1338 679 qui
1374 619 1487 669 huic
1521 615 1822 666 hominum-j

173 686 333 748 generi
352 688 560 734 vlitatus‚
576 681 661 732 vili
684 713 698 733 ‚
720 694 772 728 ac
790 679 1109 746 incomposito
1130 716 1145 737 .
1179 687 1280 731 Iam
1297 683 1375 731 vbi
1394 684 1470 731 ille
1488 682 1626 730 semel
1641 693 1824 744 atquea

172 751 348 800 iterum
367 763 556 798 omnem
574 746 807 803 dimensus
842 745 987 798 oculo
1005 745 1159 797 fuisset
1176 781 1191 802 ,
1229 752 1362 798 nullo
1379 763 1530 814 neque
1549 747 1828 796 admiratio-

172 816 263 870 nis,
285 832 434 881 neque
452 812 817 880 approbationis
844 811 975 860 edito
996 815 1148 877 signo,
1163 814 1392 879 professus
1415 818 1507 865 est:
1547 814 1649 865 sibe·
1667 813 1827 869 donari
1862 860 1910 903 L,
1973 868 1977 872 ¹
2023 867 2036 884 ³

173 884 289 931 nolle
310 885 446 932 talem
486 886 648 935 Virum
665 885 846 940 viuum,
897 895 1175 946 verumque:
1214 885 1447 948 Sugillans
1478 880 1602 931 haud
1632 877 1830 929 obscure·
1863 860 2039 957 4⁸³³·350-

174 947 408 1005 infelicem
426 948 634 996 laborem
658 946 782 995 haud
806 944 903 995 alio
937 944 1088 995 fructu
1127 947 1424 1016 insumptum
1447 984 1461 1006 ,
1483 949 1630 1015 quam
1665 960 1713 995 vt
1732 946 1832 994 eius
1894 928 1949 972 ’ᾗ

169 1014 381 1069 hominis
401 1012 581 1078 effigies
597 1013 837 1064 coloribus
855 1011 1246 1076 representaretur
1264 1053 1280 1076 ‚
1301 1034 1445 1084 quem
1466 1018 1633 1068 eorum
1651 1013 1835 1063 adstan-

177 1093 272 1129 tem
292 1096 466 1134 nemo,
510 1083 580 1128 vel
616 1079 800 1144 aspestu
837 1079 1144 1143 dignaretur.
1202 1087 1440 1151 Nunquid
1468 1099 1625 1137 autem
1653 1082 1703 1129 in
1732 1084 1833 1129 Co-

171 1148 326 1203 Ghleas
370 1164 466 1196 non
495 1149 592 1196 'hoc
631 1147 788 1212 aptius
824 1147 985 1197 cadit?
1042 1148 1162 1207 Sane?
1181 1152 1362 1202 limaces
1395 1154 1421 1199 a*
1451 1153 1556 1201 limo
1578 1151 1837 1206 dicuntur,

174 1214 306 1262 Festo
325 1214 598 1279 Pomponio
635 1214 744 1262 teste
765 1247 780 1265 ‚
809 1226 860 1261 vt
888 1213 1008 1262 adeo
1027 1214 1055 1264 a
1088 1220 1194 1265 luto
1237 1220 1446 1268 naeinam
1470 1218 1835 1267 humilitatem„

170 1281 362 1332 ducant,
386 1281 579 1344 ipsaque
593 1286 845 1332 Anatome,
866 1283 1178 1342 quantumuis
1214 1283 1303 1332 sese
1322 1285 1515 1348 fatiget,
1527 1296 1653 1342 artus
1671 1281 1835 1331 ordine

165 1345 414 1408 dispositos
445 1345 644 1408 reperire
667 1361 762 1394 non
780 1344 930 1405 poffit
953 1364 965 1390 :
985 1361 1138 1408 neque
1153 1349 1284 1396 aliud
1309 1351 1427 1397 adeo
1444 1350 1840 1412 mireris‚quam..›

167 1410 303 1476 qnod
333 1409 589 1459 animantes
639 1408 748 1456 cum
784 1409 874 1455 lint
901 1440 916 1460 ‚
983 1410 1103 1458 nihil
1140 1409 1232 1460 fere
1265 1415 1578 1465 animantium
1604 1416 1838 1467 habeant,

168 1477 348 1542 qnippe
368 1476 583 1541 corporis
604 1477 725 1526 adeo
762 1475 1028 1539 imperfecti
1053 1507 1070 1532 ,
1093 1490 1142 1526 vt
1160 1494 1308 1544 neque
1331 1484 1484 1532 oculis
1508 1515 1521 1535 ,
1557 1496 1714 1547 neque
1738 1483 1842 1531 san..

169 1545 321 1609 guine
345 1575 358 1596 ‚
381 1559 532 1607 neque
555 1543 696 1591 corde
713 1543 918 1608 praeditae
934 1541 1074 1593 duras
1095 1546 1239 1597 filices
1273 1548 1416 1603 sensu,
1438 1565 1492 1599 ac
1512 1563 1650 1598 motu
1668 1565 1837 1614 parum

169 1610 433 1660 admodum
466 1610 652 1659 vincant
672 1643 685 1656 .
735 1616 810 1658 An
832 1608 960 1657 forte
978 1612 1027 1660 in
1047 1624 1145 1660 tam
1165 1616 1291 1671 vasto
1317 1621 1510 1666 Naturae
1529 1618 1735 1666 Theatro
1758 1617 1841 1665 de-

171 1677 276 1726 sunt
297 1692 367 1726 tes
389 1675 494 1730 aliae
525 1677 783 1727 nobiliores
803 1709 815 1729 ,
842 1677 1183 1730 elaboratiores
1199 1713 1212 1737 ,
1233 1681 1476 1746 digniores
1505 1715 1517 1734 ‚
1560 1684 1839 1738 oblefflmdo

170 1743 390 1808 sapientis
414 1744 574 1792 animo
609 1743 1101 1794 accommodatiores?
1157 1753 1247 1796 Par
1282 1750 1366 1800 1sta
1399 1751 1617 1816 profesto
1658 1751 1837 1814 ingenij

182 1825 279 1859 tam
300 1814 419 1858 male
442 1811 595 1859 feriati
617 1810 851 1860 stoliditas
886 1810 948 1858 est
973 1811 1042 1859 illi
1060 1814 1255 1876 Claudij
1281 1818 1474 1877 Caesaris
1499 1851 1513 1870 ,
1553 1831 1696 1881 quem
1730 1817 1837 1874 scri·
1870 1806 1937 1848 De
1951 1806 2085 1849 ²³¹⁰&

178 1879 250 1924 bit
288 1881 456 1928 Laelius
481 1878 800 1942 Calcagninus
839 1876 1120 1941 dispofitum
1144 1881 1192 1928 in
1233 1885 1423 1936 ordines
1445 1886 1710 1941 Exercitum
1750 1883 1839 1933 ad·
1864 1858 2000 1955 {gum
2030 1861 2096 1903 lu*

172 1944 332 1995 uersus
367 1959 491 1991 mare
513 1945 684 1993 duxisse
709 1978 723 1999 ,
759 1942 888 1993 iuffis
913 1945 1148 1996 militibus
1169 1953 1320 2012 galeas
1354 1952 1572 2001 Cochleis
1593 1983 1607 2004 ‚
1644 1968 1747 2015 quae
1786 1952 1842 1998 li-
1926 1944 1937 1956 ⁶

169 2024 247 2059 tus
280 2023 419 2057 omne
441 2013 742 2075 complebant
762 2044 777 2065 ,
795 2026 987 2062 onerare
1000 2045 1015 2075 ‚
1038 2015 1121 2063 hac
1143 2023 1312 2077 ratione
1328 2022 1382 2067 de
1402 2028 1574 2074 Oceano
1591 2019 1842 2080 triumpha-

178 2089 329 2125 turum
354 2108 370 2122 .

307 2147 421 2191 Haec
440 2145 669 2208 pluraque
686 2143 778 2192 alia
793 2141 889 2190 dici
912 2143 1062 2194 fateor
1086 2146 1212 2211 poffe
1234 2149 1292 2197 ab
1312 2148 1369 2208 ijs
1390 2185 1402 2205 ‚
1426 2152 1509 2218 qui
1527 2153 1644 2201 nihil
1662 2165 1828 2215 praete-

174 2225 251 2259 rea
272 2210 538 2274 cogitantes
573 2211 622 2271 in
657 2210 755 2258 solo
785 2210 975 2263 nominc
995 2246 1008 2266 ‚
1034 2215 1100 2260 vti
1123 2230 1205 2277 per
1226 2218 1356 2280 vulgi
1385 2236 1470 2269 ora
1502 2233 1727 2283 vagatur,
1761 2235 1837 2267 ac.

167 2276 418 2341 quiescunt
438 2313 450 2328 .
489 2282 596 2341 Ego
614 2279 724 2327 vero
746 2278 872 2326 haud
893 2281 986 2326 alia
1021 2281 1142 2328 mihi
1167 2283 1427 2334 defenfione
1451 2304 1570 2350 opus
1609 2286 1690 2334 effe
1726 2301 1833 2333 cen-

169 2345 247 2394 seo
268 2362 429 2409 quam,
453 2358 500 2392 vt
521 2348 676 2408 palam
692 2344 1053 2410 faciam,Sapien
1065 2363 1158 2396 tem
1192 2365 1245 2399 ex
1274 2357 1407 2401 omni
1424 2371 1471 2402 re
1488 2368 1833 2418 quantumcun-

172 2428 264 2475 que
283 2413 468 2464 minuta
487 2445 499 2464 ,
518 2427 572 2460 ac
594 2412 723 2465 exili,
754 2428 897 2481 quam
920 2414 1005 2477 ipsi
1031 2421 1213 2466 Natura
1248 2419 1481 2469 obtulerit
1506 2455 1520 2473 ‚
1548 2436 1709 2485 capere
1751 2436 1835 2467 vo-

172 2481 400 2542 luptatem
420 2482 548 2543 posse
570 2513 583 2528 .
621 2486 778 2535 Vnum
797 2480 828 2535 a
848 2493 894 2527 te
913 2483 1125 2543 postulo,
1150 2496 1200 2532 vt
1215 2486 1574 2552 intelligentiam
1592 2491 1721 2538 iuxta
1746 2520 1758 2539 ‚
1779 2502 1834 2534 ac

173 2544 354 2595 sensum
382 2547 651 2600 adistatum
667 2580 679 2599 ,
710 2549 767 2595 de
784 2549 960 2611 quibus
983 2551 1170 2615 agimus
1195 2584 1209 2604 ,
1235 2558 1590 2611 (ἶοηεὴαὲτηωῃ
1632 2554 1839 2610 conlide-

175 2615 406 2663 rationem
423 2613 666 2667 demittas,
689 2616 752 2664 fic
769 2615 818 2662 vt
836 2618 980 2666 altera
1003 2620 1140 2667 alteri
1178 2624 1403 2686 magistra
1427 2625 1510 2673 fiat
1529 2657 1543 2677 ‚
1584 2639 1639 2679 ac
1664 2623 1744 2669 iste
1771 2622 1840 2667 illi

175 2679 222 2728 se
240 2681 410 2731 ducem
437 2681 644 2746 praebeat
664 2715 676 2735 ,
691 2699 749 2731 eo
765 2683 905 2747 plane
926 2686 1075 2735 modo
1097 2719 1112 2739 ‚
1157 2688 1325 2750 quoin
1348 2707 1445 2740 arte
1467 2691 1654 2740 nautica
1674 2692 1838 2736 oculus

170 2748 430 2813 manusque
450 2762 670 2802 mutuum
694 2751 780 2808 fibi
802 2749 1015 2801 officium
1048 2754 1297 2817 praestant,
1338 2775 1447 2809 cum
1485 2759 1563 2807 ille
1583 2756 1838 2817 descriptas

168 2816 541 2882 nauigationum
562 2817 743 2868 tabulas
774 2819 1010 2871 examinat
1031 2823 1051 2875 2'
1081 2820 1166 2870 ista
1187 2823 1248 2870 ad
1271 2841 1427 2878 earum
1465 2824 1837 2892 praescriptum&

1117 2892 1163 2938 A
1237 2908 1263 2940 2
1623 2903 1773 2937 ternoa
