2144 3218
80 221 196 267 tim
217 225 297 271 c,8.

421 94 479 138 ,ει
860 57 1362 134 ‘PRAEFATIO

345 176 660 243 descriptione
677 172 773 238 ipse
792 172 881 221 tibi
899 169 1156 219 ministrare
1176 171 1401 219 constitui
1419 202 1432 217 .
1471 175 1654 231 Constat
1673 174 1863 244 namque
1884 197 1959 230 eos
1987 192 2006 234 ‚-

344 248 503 311 inquit
523 241 798 293 Plutarchus
814 273 825 293 ‚
846 238 1025 288 Caietae,
1047 242 1103 287 (β’
1120 239 1338 304 ⁶Laurenti
1360 239 1597 288 conchulas
1616 272 1632 297 ,
1651 246 1708 294 (φ’
1727 247 1920 295 calculos
1941 248 2006 294 le-

346 315 536 376 Hitaffe.
569 308 716 374 Qod
738 324 883 373 genus
908 299 1208 352 recreationis
1233 300 1374 349 etiam
1396 303 1455 350 ab
1472 305 1579 365 alijs
1598 307 1702 370 pari
1724 308 1882 360 studio
1903 343 1917 367 ,
1944 324 1997 360 ac

346 378 637 429 iucunditate
659 376 928 438 vsurpatum
949 384 1077 417 vetus
1100 366 1319 430 adagium
1340 370 1523 432 peperit
1541 403 1556 420 .
1592 375 1799 424 conchas
1822 378 1966 439 legere
1989 409 2004 428 ‚

354 448 444 494 hoc
483 445 544 493 est
573 442 802 492 iucundis
847 434 1132 498 vtilibusque
1156 435 1549 498 occupationibus
1587 435 1677 485 sese
1695 439 1963 491 oblestaroe
1986 475 2000 488 .

348 520 415 563 At
434 513 554 558 enirn
575 510 659 556 ista
681 506 880 555 rudibus
901 517 1155 566 puer-orum
1176 502 1328 550 oculis
1347 517 1511 565 parata
1527 505 1800 567 neutiquam
1819 505 2009 558 est3cum

352 580 476 626 enim
500 576 728 640 plurimas
762 570 1049 621 concharum
1092 569 1267 618 formas
1286 570 1502 632 produco
1523 602 1537 626 ,
1567 570 1700 621 simul
1730 572 2003 625 Musaeum...

345 644 522 709 aperio,
544 643 592 690 in
616 657 716 706 quo
735 655 828 688 uon
847 639 1030 686 tautum
1053 633 1095 681 se
1116 635 1292 683 lumina
1310 634 1498 697 pascant
1521 640 1735 688 colorum
1763 673 1775 692 ‚
1801 655 1855 689 ac
1877 639 2001 703 figu-

346 728 502 761 rarum
522 710 744 757 varietate
765 739 777 758 ‚
797 719 1024 767 tanquam
1042 702 1125 766 qui
1146 702 1418 750 viridarium
1448 703 1669 767 ingressus
1687 707 1824 767 varijs
1859 706 2008 755 confi..

347 793 450 828 tum
469 776 663 825 floribus
685 807 695 825 2
717 787 856 836 atque
878 769 1188 819 admiratione
1208 768 1400 821 defixus,
1416 770 1610 818 nesciret
1631 785 1786 821 tamen
1811 789 1998 837 quem.)

346 863 404 893 ex
420 845 511 893 illis
530 842 753 891 omnibus
772 838 985 904 praeferre
1007 869 1020 889 ‚
1043 851 1096 884 ac
1115 835 1441 898 concupiscere
1463 836 1756 900 potiffimum
1779 840 1967 889 deberet
1988 873 2002 890 .

347 919 523 962 Verum
539 910 701 964 etiam,
722 921 770 953 vt
785 906 967 955 animus
987 919 1039 952 ex
1060 902 1376 952 accidentibus
1395 903 1697 954 substantiam
1719 905 2002 970 cognoscere

345 977 498 1026 discat
516 1009 528 1028 ‚
549 978 809 1038 calleatque
831 970 1023 1021 subinde
1046 968 1244 1018 modum
1262 969 1510 1036 causasque
1536 984 1638 1019 tum
1658 972 1798 1022 molis
1817 1006 1829 1025 ‚
1856 985 2006 1022 tum-.-

349 1045 536 1094 formae‚
556 1055 658 1092 tum
681 1040 885 1103 denique
908 1036 1082 1087 coloris
1106 1037 1389 1098 {iugulatum
1407 1082 1421 1096 ‚
1464 1039 1739 1101 Comperies
1761 1039 2005 1088 enimuero

344 1111 510 1176 quanti
525 1111 581 1157 fit
603 1107 774 1171 operis,
797 1122 851 1154 ac
875 1105 1070 1156 laboris,
1092 1101 1280 1167 penitus
1297 1102 1561 1167 intimeque
1579 1106 1645 1151 rei
1670 1104 2007 1168 cuiuscunque,

349 1174 648 1226 velminimae
681 1174 888 1236 pretium
932 1169 1213 1233 cognoscere
1234 1202 1246 1221 ,
1286 1185 1429 1232 quam
1471 1175 1653 1220 Natura
1691 1172 1967 1234 produxerit
1992 1203 2009 1228 ,

345 1246 487 1295 aliam
524 1253 667 1303 atque
689 1239 831 1288 aliam
868 1235 1201 1286 admirationis
1233 1234 1480 1283 materiam
1515 1238 1647 1283 omni
1689 1236 1774 1284 suo
1823 1251 2008 1299 opere)

344 1312 484 1361 solita
514 1304 772 1357 ministrare
796 1338 809 1357 ‚
849 1319 1050 1368 quaeque
1095 1317 1232 1350 terrae
1264 1301 1478 1364 impressa
1509 1300 1704 1365 reliquit
1740 1302 1973 1365 vestigia-³
1993 1334 2009 1355 ,

349 1391 548 1428 eamens
581 1387 725 1437 capax
748 1405 762 1427 ,
810 1377 855 1419 &
886 1369 1225 1434 prodigiorum
1267 1366 1437 1416 artifex
1465 1368 1692 1433 Gigantis
1721 1371 1803 1416 ess'e
1845 1369 2013 1433 depre3

352 1446 524 1494 hender
548 1477 561 1490 .

479 1506 710 1572 Equidem
733 1504 817 1554 ista
840 1500 1222 1565 magnificentius
1247 1536 1258 1556 ,
1286 1516 1430 1566 quam
1471 1501 1624 1552 verius
1659 1514 1733 1547 me
1750 1499 1908 1550 dixisse
1932 1516 2014 1549 ne-

347 1593 430 1627 mo
446 1573 703 1639 putauerit,
719 1572 804 1635 qui
823 1573 892 1618 vel
914 1570 1031 1618 solas
1055 1567 1268 1616 Cochleae
1287 1569 1427 1632 spiras
1450 1568 1635 1617 intuens
1660 1568 1813 1632 exiget
1835 1569 2007 1621 secum,

347 1655 638 1707 quantopere
656 1639 919 1686 laboratum
942 1639 970 1683 a
989 1637 1259 1686 Geometris
1296 1635 1435 1684 fuerit
1457 1635 1506 1682 in
1541 1636 1631 1684 illis
1660 1634 1747 1681 rite
1763 1636 2006 1688 ducendis,

350 1718 396 1758 δε
415 1710 524 1757 vero
552 1719 850 1770 quaecuuque
885 1703 1077 1750 demum
1100 1701 1200 1751 eius
1240 1702 1356 1751 artis
1399 1715 1636 1765 praecepta
1674 1701 1970 1751 tradiderunt
1989 1733 2004 1755 ,

349 1777 483 1827 aliter
504 1773 585 1822 effe
609 1787 764 1821 tamen
785 1770 965 1834 semper
987 1768 1093 1817 sunt
1116 1767 1195 1815 vifi
1216 1800 1229 1821 ,
1258 1783 1306 1817 vt
1327 1769 1411 1832 qui
1430 1783 1531 1816 eam
1556 1769 1582 1816 ἐ
1602 1767 1765 1815 circuli
1823 1767 2011 1833 portio-

347 1844 489 1892 nibus
508 1842 555 1888 in
573 1838 812 1904 angustius
828 1835 1029 1900 spatium
1054 1833 1231 1898 semper
1258 1834 1486 1883 contraOci
1506 1834 1830 1897 composuere,
1853 1846 2010 1883 cum-'s

352 1917 405 1959 e(
447 1923 519 1957 *era
545 1907 732 1970 spitales
752 1905 890 1953 lineae
908 1901 1072 1951 circuli
1088 1901 1216 1950 haud
1236 1902 1349 1953 lint,
1391 1901 1573 1951 tametsi
1596 1902 1841 1951 circulares
1865 1916 2008 1965 appa-

347 1989 512 2026 reant.
607 1974 694 2024 uis,
722 1986 862 2033 rogo,
887 1969 1138 2020 Vitruuius
1160 1981 1256 2016 tam
1275 1968 1541 2016 mirabilem
1562 2000 1575 2019 ‚
1594 1973 1637 2015 &
1657 1972 1782 2015 nulla
1799 1967 1905 2016 satis
1937 1981 2006 2014 ar-

348 2059 398 2093 te
419 2040 702 2090 imitabilem
739 2038 939 2085 domum
977 2036 1234 2084 aedificauit
1269 2039 1285 2084 ?
1338 2034 1570 2096 Equidem
1609 2049 1708 2096 quo
1746 2033 1898 2096 magis
1938 2032 2009 2080 in·

347 2107 633 2173 uestigandis
653 2121 815 2154 earum
832 2102 978 2152 causis
994 2100 1257 2167 progressus
1279 2100 1421 2150 fueris
1449 2132 1462 2152 ‚
1480 2100 1538 2148 eo
1562 2100 1735 2150 clarius
1756 2099 2010 2163 deprehen-

345 2179 427 2227 des
451 2173 733 2223 veriffimum
765 2169 848 2219 effe
875 2203 889 2223 ‚
922 2170 1056 2234 quod
1094 2175 1283 2219 Veteres
1318 2167 1537 2215 dicebant
1558 2200 1570 2219 ,
1612 2170 1787 2221 Deum,
1812 2170 2010 2215 Naturae

343 2242 533 2294 nomine
552 2237 954 2303 comprehensum,
977 2238 1026 2284 in
1046 2236 1177 2285 omni
1212 2248 1353 2297 opere
1376 2233 1458 2282 suo
1479 2266 1492 2285 ,
1527 2232 1861 2296 geometrizare
1883 2247 2005 2294 quo-

345 2308 606 2359 dammodo
624 2340 637 2360 ,
663 2306 877 2369 adeoque
913 2305 1051 2352 licere
1073 2304 1121 2350 in
1145 2300 1342 2365 simplici
1363 2301 1579 2348 Cochleae
1599 2300 1718 2363 spira
1738 2297 2007 2347 iucundissi-

347 2395 431 2427 mo
446 2376 606 2424 labore
626 2374 882 2420 humanum
903 2371 1144 2436 ingenium
1165 2368 1254 2416 sese
1279 2368 1591 2430 circumagere
1605 2401 1618 2412 .

486 2447 598 2492 Non
618 2440 708 2487 erit
722 2437 941 2502 proinde,
959 2451 1041 2487 aut
1065 2436 1263 2486 inutilis,
1284 2447 1365 2483 aut
1388 2434 1551 2482 stultus
1572 2446 1732 2479 eorum
1753 2430 1901 2485 labor,
1923 2429 2008 2492 qui

350 2512 418 2557 vel
447 2507 472 2555 e*
495 2506 659 2571 pelagi
678 2505 826 2554 fundo
849 2537 863 2558 2
900 2510 971 2554 vel
991 2502 1192 2553 littorali
1213 2515 1349 2550 arena
1387 2503 1543 2562 legant
1571 2498 1703 2561 quod.
1723 2528 1734 2546 ‚
1771 2512 1853 2545 ceu
1891 2494 2011 2544 foret

349 2575 602 2638 indignum
628 2572 775 2623 oeulis
796 2570 979 2626 nostris,
995 2584 1076 2619 aut
1091 2568 1226 2632 aquis
1244 2566 1486 2616 obruitur,
1502 2579 1581 2611 aut
1599 2562 1792 2627 pedibus
1815 2566 2005 2625 procul·

350 2655 485 2690 catur
502 2659 517 2695 3
570 2647 635 2689 Ar
654 2638 840 2703 inquiet
858 2637 1053 2701 aliquis,
1070 2632 1286 2697 nunquid
1304 2645 1409 2680 aute
1437 2628 1790 2693 disquirendum
1805 2628 1952 2678 censes
1996 2659 2011 2680 ‚

352 2711 482 2757 fitne
498 2706 632 2772 quod
651 2705 1024 2769 pertrastandum
1060 2699 1331 2762 suscipimus
1372 2710 1697 2761 argumentum
1732 2694 1964 2744 eiusmodi
1994 2727 2008 2747 ‚

351 2774 486 2841 quod
505 2774 739 2841 dignitate
764 2769 845 2834 sua
865 2803 880 2836 ³
902 2786 958 2834 ac
974 2768 1132 2840 pretio
1150 2764 1376 2834 temporis
1399 2796 1413 2818 ,
1449 2778 1502 2814 ac
1520 2762 1691 2836 laboris
1710 2761 2010 2828 impensam„

1828 2842 1939 2892 pro-
