<?xml version="1.0" encoding="UTF-8"?>
<!DOCTYPE html PUBLIC "-//W3C//DTD XHTML 1.0 Transitional//EN"
    "http://www.w3.org/TR/xhtml1/DTD/xhtml1-transitional.dtd">
<html xmlns="http://www.w3.org/1999/xhtml" xml:lang="en" lang="en">
 <head>
  <title>
</title>
<meta http-equiv="Content-Type" content="text/html;charset=utf-8" />
  <meta name='ocr-system' content='tesseract 3.04.00' />
  <meta name='ocr-capabilities' content='ocr_page ocr_carea ocr_par ocr_line ocrx_word'/>
</head>
<body>
  <div class='ocr_page' id='page_1' title='image "./recreatiomentise00buon_0134.png"; bbox 0 0 2144 3218; ppageno 0'>
   <div class='ocr_carea' id='block_1_1' title="bbox 448 4 1550 112">
    <p class='ocr_par' dir='ltr' id='par_1_1' title="bbox 448 4 1550 112">
     <span class='ocr_line' id='line_1_1' title="bbox 448 4 1550 112; baseline 0.029 -35"><span class='ocrx_word' id='word_1_1' title='bbox 448 38 590 111; x_wconf 59' lang='grc' dir='ltr'>,ωε</span> <span class='ocrx_word' id='word_1_2' title='bbox 835 29 1064 112; x_wconf 69' lang='lat' dir='ltr'>PARS</span> <span class='ocrx_word' id='word_1_3' title='bbox 1107 4 1550 108; x_wconf 74' lang='lat' dir='ltr'>sEevNDA</span> 
     </span>
    </p>
   </div>
   <div class='ocr_carea' id='block_1_2' title="bbox 349 158 2034 2869">
    <p class='ocr_par' dir='ltr' id='par_1_2' title="bbox 349 158 2034 2869">
     <span class='ocr_line' id='line_1_2' title="bbox 353 158 2002 227; baseline 0.007 -17"><span class='ocrx_word' id='word_1_4' title='bbox 353 163 616 226; x_wconf 80' lang='lat' dir='ltr'>iunguntur</span> <span class='ocrx_word' id='word_1_5' title='bbox 641 188 655 211; x_wconf 75' lang='grc'><strong><em>,</em></strong></span> <span class='ocrx_word' id='word_1_6' title='bbox 676 158 756 208; x_wconf 89' lang='lat' dir='ltr'>sed</span> <span class='ocrx_word' id='word_1_7' title='bbox 774 160 949 215; x_wconf 74' lang='lat' dir='ltr'>alicubi</span> <span class='ocrx_word' id='word_1_8' title='bbox 967 174 1100 227; x_wconf 86' lang='lat' dir='ltr'>patet</span> <span class='ocrx_word' id='word_1_9' title='bbox 1120 194 1133 213; x_wconf 83' lang='lat'>‚</span> <span class='ocrx_word' id='word_1_10' title='bbox 1169 173 1219 208; x_wconf 99' lang='grc' dir='ltr'>νε</span> <span class='ocrx_word' id='word_1_11' title='bbox 1237 160 1287 211; x_wconf 83' lang='lat' dir='ltr'>in</span> <span class='ocrx_word' id='word_1_12' title='bbox 1308 165 1486 214; x_wconf 80' lang='lat' dir='ltr'>Baiano</span> <span class='ocrx_word' id='word_1_13' title='bbox 1522 165 2002 223; x_wconf 80' lang='lat' dir='ltr'>satisobseruauimus</span> 
     </span>
     <span class='ocr_line' id='line_1_3' title="bbox 351 226 1994 300; baseline 0.003 -25"><span class='ocrx_word' id='word_1_14' title='bbox 351 244 482 283; x_wconf 83' lang='lat' dir='ltr'>num.</span> <span class='ocrx_word' id='word_1_15' title='bbox 502 239 582 286; x_wconf 83' lang='lat'>25.</span> <span class='ocrx_word' id='word_1_16' title='bbox 600 281 603 283; x_wconf 54' lang='grc'><em>,</em></span> <span class='ocrx_word' id='word_1_17' title='bbox 618 227 907 279; x_wconf 84' lang='lat' dir='ltr'>Huiusmodi</span> <span class='ocrx_word' id='word_1_18' title='bbox 941 229 1002 277; x_wconf 91' lang='lat' dir='ltr'>est</span> <span class='ocrx_word' id='word_1_19' title='bbox 1021 226 1216 290; x_wconf 79' lang='lat' dir='ltr'>praesens</span> <span class='ocrx_word' id='word_1_20' title='bbox 1233 257 1248 278; x_wconf 88' lang='lat'>‚</span> <span class='ocrx_word' id='word_1_21' title='bbox 1285 227 1334 275; x_wconf 88' lang='lat' dir='ltr'>in</span> <span class='ocrx_word' id='word_1_22' title='bbox 1352 230 1483 282; x_wconf 89' lang='lat' dir='ltr'>cuius</span> <span class='ocrx_word' id='word_1_23' title='bbox 1505 235 1649 282; x_wconf 86' lang='lat' dir='ltr'>valuis</span> <span class='ocrx_word' id='word_1_24' title='bbox 1671 252 1817 300; x_wconf 18' lang='lat' dir='ltr'>‘patet</span> <span class='ocrx_word' id='word_1_25' title='bbox 1835 239 1994 289; x_wconf 73' lang='lat' dir='ltr'>aditus</span> 
     </span>
     <span class='ocr_line' id='line_1_4' title="bbox 353 291 1996 357; baseline 0.007 -15"><span class='ocrx_word' id='word_1_26' title='bbox 353 296 402 347; x_wconf 84' lang='lat' dir='ltr'>in</span> <span class='ocrx_word' id='word_1_27' title='bbox 424 301 482 342; x_wconf 88' lang='lat' dir='ltr'>A.</span> <span class='ocrx_word' id='word_1_28' title='bbox 501 292 561 342; x_wconf 86' lang='lat' dir='ltr'>ad</span> <span class='ocrx_word' id='word_1_29' title='bbox 593 296 925 347; x_wconf 78' lang='lat' dir='ltr'>attrahendum</span> <span class='ocrx_word' id='word_1_30' title='bbox 960 291 1250 345; x_wconf 56' lang='lat' dir='ltr'>humorem&amp;</span> <span class='ocrx_word' id='word_1_31' title='bbox 1288 297 1469 346; x_wconf 87' lang='lat' dir='ltr'>Natura</span> <span class='ocrx_word' id='word_1_32' title='bbox 1503 298 1757 351; x_wconf 84' lang='lat' dir='ltr'>fabricatus</span> <span class='ocrx_word' id='word_1_33' title='bbox 1783 340 1796 355; x_wconf 87' lang='lat'><strong>.</strong></span> <span class='ocrx_word' id='word_1_34' title='bbox 1831 307 1996 357; x_wconf 85' lang='lat' dir='ltr'>Varie-</span> 
     </span>
     <span class='ocr_line' id='line_1_5' title="bbox 352 357 1992 426; baseline 0.007 -19"><span class='ocrx_word' id='word_1_35' title='bbox 352 374 494 409; x_wconf 87' lang='lat' dir='ltr'>tatem</span> <span class='ocrx_word' id='word_1_36' title='bbox 523 359 663 408; x_wconf 88' lang='lat' dir='ltr'>habet</span> <span class='ocrx_word' id='word_1_37' title='bbox 684 363 731 408; x_wconf 83' lang='lat' dir='ltr'>in</span> <span class='ocrx_word' id='word_1_38' title='bbox 754 362 906 423; x_wconf 82' lang='lat' dir='ltr'>figura</span> <span class='ocrx_word' id='word_1_39' title='bbox 923 389 940 408; x_wconf 85' lang='lat'><strong>.</strong></span> <span class='ocrx_word' id='word_1_40' title='bbox 982 364 1107 407; x_wconf 86' lang='lat' dir='ltr'>Nam</span> <span class='ocrx_word' id='word_1_41' title='bbox 1127 372 1182 405; x_wconf 77' lang='lat' dir='ltr'>ex</span> <span class='ocrx_word' id='word_1_42' title='bbox 1222 357 1297 408; x_wconf 88' lang='lat' dir='ltr'>his</span> <span class='ocrx_word' id='word_1_43' title='bbox 1335 362 1425 411; x_wconf 82' lang='lat' dir='ltr'>alia</span> <span class='ocrx_word' id='word_1_44' title='bbox 1446 363 1706 414; x_wconf 84' lang='lat' dir='ltr'>admodum</span> <span class='ocrx_word' id='word_1_45' title='bbox 1728 384 1992 426; x_wconf 53' lang='lat' dir='ltr'>concaua),</span> 
     </span>
     <span class='ocr_line' id='line_1_6' title="bbox 349 424 1998 489; baseline 0.004 -15"><span class='ocrx_word' id='word_1_46' title='bbox 349 427 441 476; x_wconf 82' lang='lat' dir='ltr'>alia</span> <span class='ocrx_word' id='word_1_47' title='bbox 458 426 659 474; x_wconf 71' lang='lat' dir='ltr'>minime</span> <span class='ocrx_word' id='word_1_48' title='bbox 677 425 913 489; x_wconf 84' lang='lat' dir='ltr'>profunda</span> <span class='ocrx_word' id='word_1_49' title='bbox 936 456 949 477; x_wconf 79' lang='grc'><strong>,</strong></span> <span class='ocrx_word' id='word_1_50' title='bbox 986 426 1078 474; x_wconf 87' lang='lat' dir='ltr'>alia</span> <span class='ocrx_word' id='word_1_51' title='bbox 1096 424 1408 478; x_wconf 69' lang='lat' dir='ltr'>diuerfimode:</span> <span class='ocrx_word' id='word_1_52' title='bbox 1427 429 1633 484; x_wconf 80' lang='lat' dir='ltr'>finuosa,</span> <span class='ocrx_word' id='word_1_53' title='bbox 1655 433 1746 482; x_wconf 88' lang='lat' dir='ltr'>alia</span> <span class='ocrx_word' id='word_1_54' title='bbox 1765 438 1824 484; x_wconf 88' lang='lat' dir='ltr'>ad</span> <span class='ocrx_word' id='word_1_55' title='bbox 1847 438 1998 489; x_wconf 87' lang='lat' dir='ltr'>amus.</span> 
     </span>
     <span class='ocr_line' id='line_1_7' title="bbox 349 490 1998 553; baseline -0.002 -11"><span class='ocrx_word' id='word_1_56' title='bbox 349 494 433 542; x_wconf 81' lang='lat' dir='ltr'>fim</span> <span class='ocrx_word' id='word_1_57' title='bbox 454 493 550 541; x_wconf 68' lang='lat' dir='ltr'>fere}</span> <span class='ocrx_word' id='word_1_58' title='bbox 565 492 853 541; x_wconf 80' lang='lat' dir='ltr'>rotundatur</span> <span class='ocrx_word' id='word_1_59' title='bbox 871 525 883 545; x_wconf 88' lang='lat'>,</span> <span class='ocrx_word' id='word_1_60' title='bbox 907 490 1185 541; x_wconf 80' lang='lat' dir='ltr'>extrinsecus</span> <span class='ocrx_word' id='word_1_61' title='bbox 1215 493 1356 549; x_wconf 86' lang='lat' dir='ltr'>etiam</span> <span class='ocrx_word' id='word_1_62' title='bbox 1382 496 1430 543; x_wconf 86' lang='lat' dir='ltr'>in</span> <span class='ocrx_word' id='word_1_63' title='bbox 1463 499 1627 547; x_wconf 76' lang='lat' dir='ltr'>multis</span> <span class='ocrx_word' id='word_1_64' title='bbox 1648 499 1998 553; x_wconf 61' lang='lat' dir='ltr'>tubgrculorum</span> 
     </span>
     <span class='ocr_line' id='line_1_8' title="bbox 349 558 1992 633; baseline 0.001 -25"><span class='ocrx_word' id='word_1_65' title='bbox 349 558 668 624; x_wconf 82' lang='lat' dir='ltr'>quorumdam</span> <span class='ocrx_word' id='word_1_66' title='bbox 709 576 804 608; x_wconf 89' lang='lat' dir='ltr'>non</span> <span class='ocrx_word' id='word_1_67' title='bbox 827 559 948 609; x_wconf 84' lang='lat' dir='ltr'>leuia</span> <span class='ocrx_word' id='word_1_68' title='bbox 968 558 1166 623; x_wconf 87' lang='lat' dir='ltr'>vestigia</span> <span class='ocrx_word' id='word_1_69' title='bbox 1190 572 1286 608; x_wconf 89' lang='lat' dir='ltr'>tam</span> <span class='ocrx_word' id='word_1_70' title='bbox 1310 562 1424 611; x_wconf 71' lang='lat' dir='ltr'>benc}</span> <span class='ocrx_word' id='word_1_71' title='bbox 1445 563 1646 628; x_wconf 87' lang='lat' dir='ltr'>dispersa</span> <span class='ocrx_word' id='word_1_72' title='bbox 1662 600 1674 619; x_wconf 85' lang='lat'><strong>,</strong></span> <span class='ocrx_word' id='word_1_73' title='bbox 1707 580 1755 614; x_wconf 90' lang='lat' dir='ltr'>vt</span> <span class='ocrx_word' id='word_1_74' title='bbox 1777 569 1992 633; x_wconf 78' lang='lat' dir='ltr'>quando.</span> 
     </span>
     <span class='ocr_line' id='line_1_9' title="bbox 349 625 1995 691; baseline 0.005 -16"><span class='ocrx_word' id='word_1_75' title='bbox 349 642 440 691; x_wconf 89' lang='lat' dir='ltr'>que</span> <span class='ocrx_word' id='word_1_76' title='bbox 465 625 703 677; x_wconf 77' lang='lat' dir='ltr'>brassicam</span> <span class='ocrx_word' id='word_1_77' title='bbox 727 631 1009 677; x_wconf 81' lang='lat' dir='ltr'>cucullatam</span> <span class='ocrx_word' id='word_1_78' title='bbox 1032 659 1045 679; x_wconf 90' lang='lat'>,</span> <span class='ocrx_word' id='word_1_79' title='bbox 1067 629 1135 674; x_wconf 89' lang='lat' dir='ltr'>vel</span> <span class='ocrx_word' id='word_1_80' title='bbox 1157 627 1360 691; x_wconf 87' lang='lat' dir='ltr'>crispum</span> <span class='ocrx_word' id='word_1_81' title='bbox 1386 632 1605 681; x_wconf 88' lang='lat' dir='ltr'>Intubum</span> <span class='ocrx_word' id='word_1_82' title='bbox 1629 632 1804 684; x_wconf 83' lang='lat' dir='ltr'>diceres</span> <span class='ocrx_word' id='word_1_83' title='bbox 1827 669 1838 682; x_wconf 91' lang='lat'><strong>.</strong></span> <span class='ocrx_word' id='word_1_84' title='bbox 1861 641 1995 686; x_wconf 86' lang='lat' dir='ltr'>Intus</span> 
     </span>
     <span class='ocr_line' id='line_1_10' title="bbox 350 693 2003 767; baseline -0.001 -25"><span class='ocrx_word' id='word_1_85' title='bbox 350 711 459 742; x_wconf 90' lang='lat' dir='ltr'>cum</span> <span class='ocrx_word' id='word_1_86' title='bbox 483 707 703 757; x_wconf 81' lang='lat' dir='ltr'>argenteo</span> <span class='ocrx_word' id='word_1_87' title='bbox 725 694 934 756; x_wconf 87' lang='lat' dir='ltr'>quodam</span> <span class='ocrx_word' id='word_1_88' title='bbox 974 693 1215 758; x_wconf 85' lang='lat' dir='ltr'>splendore</span> <span class='ocrx_word' id='word_1_89' title='bbox 1248 696 1504 760; x_wconf 83' lang='lat' dir='ltr'>aliquando</span> <span class='ocrx_word' id='word_1_90' title='bbox 1535 699 1745 754; x_wconf 80' lang='lat' dir='ltr'>virescit,</span> <span class='ocrx_word' id='word_1_91' title='bbox 1789 705 2003 767; x_wconf 70' lang='lat' dir='ltr'>aliquan..</span> 
     </span>
     <span class='ocr_line' id='line_1_11' title="bbox 350 760 2007 826; baseline 0.006 -18"><span class='ocrx_word' id='word_1_92' title='bbox 350 762 415 808; x_wconf 90' lang='lat' dir='ltr'>do</span> <span class='ocrx_word' id='word_1_93' title='bbox 456 762 607 813; x_wconf 87' lang='lat' dir='ltr'>rubet,</span> <span class='ocrx_word' id='word_1_94' title='bbox 626 764 691 806; x_wconf 86' lang='lat' dir='ltr'>vel</span> <span class='ocrx_word' id='word_1_95' title='bbox 711 760 918 810; x_wconf 82' lang='lat' dir='ltr'>flauescit</span> <span class='ocrx_word' id='word_1_96' title='bbox 937 793 949 812; x_wconf 85' lang='lat'>‚</span> <span class='ocrx_word' id='word_1_97' title='bbox 969 763 1202 810; x_wconf 86' lang='lat' dir='ltr'>nonnullae</span> <span class='ocrx_word' id='word_1_98' title='bbox 1222 763 1573 826; x_wconf 83' lang='lat' dir='ltr'>auripigmento</span> <span class='ocrx_word' id='word_1_99' title='bbox 1593 783 1701 816; x_wconf 83' lang='lat' dir='ltr'>cum</span> <span class='ocrx_word' id='word_1_100' title='bbox 1722 768 1875 817; x_wconf 82' lang='lat' dir='ltr'>nitore</span> <span class='ocrx_word' id='word_1_101' title='bbox 1894 771 2007 819; x_wconf 87' lang='lat' dir='ltr'>illu·</span> 
     </span>
     <span class='ocr_line' id='line_1_12' title="bbox 351 828 1998 897; baseline 0 -21"><span class='ocrx_word' id='word_1_102' title='bbox 351 829 550 876; x_wconf 84' lang='lat' dir='ltr'>strantur</span> <span class='ocrx_word' id='word_1_103' title='bbox 572 860 585 880; x_wconf 87' lang='lat'>‚</span> <span class='ocrx_word' id='word_1_104' title='bbox 615 832 769 876; x_wconf 83' lang='lat' dir='ltr'>multae</span> <span class='ocrx_word' id='word_1_105' title='bbox 797 828 1152 892; x_wconf 85' lang='lat' dir='ltr'>Margaritarum</span> <span class='ocrx_word' id='word_1_106' title='bbox 1174 828 1434 878; x_wconf 70' lang='lat' dir='ltr'>albedinem</span> <span class='ocrx_word' id='word_1_107' title='bbox 1468 833 1728 897; x_wconf 75' lang='lat' dir='ltr'>purpuriss&#39;a</span> <span class='ocrx_word' id='word_1_108' title='bbox 1754 841 1998 884; x_wconf 54' lang='lat' dir='ltr'>velatam„</span> 
     </span>
     <span class='ocr_line' id='line_1_13' title="bbox 353 894 2000 958; baseline 0.001 -15"><span class='ocrx_word' id='word_1_109' title='bbox 353 894 621 946; x_wconf 86' lang='lat' dir='ltr'>ostendunt,</span> <span class='ocrx_word' id='word_1_110' title='bbox 638 899 794 943; x_wconf 80' lang='lat' dir='ltr'>multae</span> <span class='ocrx_word' id='word_1_111' title='bbox 814 895 912 946; x_wconf 79' lang='lat' dir='ltr'>aeris</span> <span class='ocrx_word' id='word_1_112' title='bbox 930 895 1490 958; x_wconf 75' lang='lat' dir='ltr'>rubiginem‚fiauediiien1</span> <span class='ocrx_word' id='word_1_113' title='bbox 1512 902 1704 949; x_wconf 76' lang='lat' dir='ltr'>vitream</span> <span class='ocrx_word' id='word_1_114' title='bbox 1742 906 1898 951; x_wconf 82' lang='lat' dir='ltr'>multae</span> <span class='ocrx_word' id='word_1_115' title='bbox 1922 936 1934 954; x_wconf 91' lang='lat'>,</span> <span class='ocrx_word' id='word_1_116' title='bbox 1955 909 2000 950; x_wconf 67' lang='grc' dir='ltr'>δε</span> 
     </span>
     <span class='ocr_line' id='line_1_14' title="bbox 353 961 2010 1027; baseline 0.005 -19"><span class='ocrx_word' id='word_1_117' title='bbox 353 977 573 1027; x_wconf 85' lang='lat' dir='ltr'>cupream</span> <span class='ocrx_word' id='word_1_118' title='bbox 602 962 874 1012; x_wconf 79' lang='lat' dir='ltr'>rubedinem</span> <span class='ocrx_word' id='word_1_119' title='bbox 895 962 978 1012; x_wconf 86' lang='lat' dir='ltr'>sub</span> <span class='ocrx_word' id='word_1_120' title='bbox 1015 961 1260 1010; x_wconf 82' lang='lat' dir='ltr'>sandracca</span> <span class='ocrx_word' id='word_1_121' title='bbox 1296 965 1530 1026; x_wconf 84' lang='lat' dir='ltr'>pellucida</span> <span class='ocrx_word' id='word_1_122' title='bbox 1558 967 1850 1016; x_wconf 78' lang='lat' dir='ltr'>latitantem.</span> <span class='ocrx_word' id='word_1_123' title='bbox 1894 971 2010 1017; x_wconf 89' lang='lat' dir='ltr'>Pul-</span> 
     </span>
     <span class='ocr_line' id='line_1_15' title="bbox 358 1029 2002 1089; baseline 0.004 -12"><span class='ocrx_word' id='word_1_124' title='bbox 358 1032 535 1078; x_wconf 86' lang='lat' dir='ltr'>criores</span> <span class='ocrx_word' id='word_1_125' title='bbox 556 1029 860 1079; x_wconf 87' lang='lat' dir='ltr'>inueniuntur</span> <span class='ocrx_word' id='word_1_126' title='bbox 882 1030 928 1076; x_wconf 90' lang='lat' dir='ltr'>in</span> <span class='ocrx_word' id='word_1_127' title='bbox 946 1029 1219 1077; x_wconf 86' lang='lat' dir='ltr'>Dalmatico</span> <span class='ocrx_word' id='word_1_128' title='bbox 1237 1029 1376 1079; x_wconf 89' lang='lat' dir='ltr'>litore</span> <span class='ocrx_word' id='word_1_129' title='bbox 1398 1030 1513 1082; x_wconf 87' lang='lat' dir='ltr'>saxis</span> <span class='ocrx_word' id='word_1_130' title='bbox 1531 1033 1888 1083; x_wconf 77' lang='lat' dir='ltr'>adhaerescentes</span> <span class='ocrx_word' id='word_1_131' title='bbox 1911 1068 1924 1089; x_wconf 82' lang='lat'>‚</span> <span class='ocrx_word' id='word_1_132' title='bbox 1957 1040 2002 1084; x_wconf 71' lang='grc' dir='ltr'>δε</span> 
     </span>
     <span class='ocr_line' id='line_1_16' title="bbox 356 1096 2032 1145; baseline -0.004 -1"><span class='ocrx_word' id='word_1_133' title='bbox 356 1096 474 1145; x_wconf 87' lang='lat' dir='ltr'>alibi</span> <span class='ocrx_word' id='word_1_134' title='bbox 495 1100 521 1143; x_wconf 76' lang='lat' dir='ltr'>a</span> <span class='ocrx_word' id='word_1_135' title='bbox 537 1096 732 1143; x_wconf 85' lang='lat' dir='ltr'>marinis</span> <span class='ocrx_word' id='word_1_136' title='bbox 755 1097 937 1142; x_wconf 87' lang='lat' dir='ltr'>aestibus</span> <span class='ocrx_word' id='word_1_137' title='bbox 961 1097 1173 1145; x_wconf 68' lang='lat' dir='ltr'>eructata:</span> <span class='ocrx_word' id='word_1_138' title='bbox 1190 1128 1202 1140; x_wconf 94' lang='lat'><strong>.</strong></span> <span class='ocrx_word' id='word_1_139' title='bbox 2028 1130 2032 1133; x_wconf 90' lang='lat'>.</span> 
     </span>
     <span class='ocr_line' id='line_1_17' title="bbox 365 1161 2002 1250; baseline 0.002 -40"><span class='ocrx_word' id='word_1_140' title='bbox 365 1186 445 1250; x_wconf 70' lang='lat'>57</span> <span class='ocrx_word' id='word_1_141' title='bbox 518 1161 772 1224; x_wconf 86' lang='lat' dir='ltr'>Multiplici</span> <span class='ocrx_word' id='word_1_142' title='bbox 790 1162 979 1210; x_wconf 86' lang='lat' dir='ltr'>nomine</span> <span class='ocrx_word' id='word_1_143' title='bbox 996 1162 1272 1224; x_wconf 81' lang='lat' dir='ltr'>exprimitur</span> <span class='ocrx_word' id='word_1_144' title='bbox 1296 1163 1490 1210; x_wconf 82' lang='lat' dir='ltr'>Concha</span> <span class='ocrx_word' id='word_1_145' title='bbox 1508 1163 1602 1210; x_wconf 86' lang='lat' dir='ltr'>haec</span> <span class='ocrx_word' id='word_1_146' title='bbox 1621 1199 1633 1211; x_wconf 91' lang='lat'><strong>.</strong></span> <span class='ocrx_word' id='word_1_147' title='bbox 1666 1167 1792 1213; x_wconf 84' lang='lat' dir='ltr'>Solen</span> <span class='ocrx_word' id='word_1_148' title='bbox 1821 1163 2002 1213; x_wconf 85' lang='lat' dir='ltr'>dicitur</span> 
     </span>
     <span class='ocr_line' id='line_1_18' title="bbox 553 1228 2014 1282; baseline 0 -6"><span class='ocrx_word' id='word_1_149' title='bbox 553 1229 580 1276; x_wconf 71' lang='lat' dir='ltr'>a</span> <span class='ocrx_word' id='word_1_150' title='bbox 602 1230 781 1278; x_wconf 75' lang='lat' dir='ltr'>Graecis</span> <span class='ocrx_word' id='word_1_151' title='bbox 804 1230 893 1279; x_wconf 80' lang='lat' dir='ltr'>hoc</span> <span class='ocrx_word' id='word_1_152' title='bbox 915 1228 977 1277; x_wconf 86' lang='lat' dir='ltr'>est</span> <span class='ocrx_word' id='word_1_153' title='bbox 1014 1228 1163 1277; x_wconf 79' lang='lat' dir='ltr'>fistula</span> <span class='ocrx_word' id='word_1_154' title='bbox 1182 1228 1274 1276; x_wconf 73' lang='lat' dir='ltr'>flue?</span> <span class='ocrx_word' id='word_1_155' title='bbox 1291 1230 1482 1280; x_wconf 85' lang='lat' dir='ltr'>canalis,</span> <span class='ocrx_word' id='word_1_156' title='bbox 1503 1230 1581 1278; x_wconf 87' lang='lat' dir='ltr'>cui</span> <span class='ocrx_word' id='word_1_157' title='bbox 1599 1228 2014 1282; x_wconf 70' lang='lat' dir='ltr'>affitnilatur,cum,</span> 
     </span>
     <span class='ocr_line' id='line_1_19' title="bbox 360 1294 1999 1359; baseline -0.002 -13"><span class='ocrx_word' id='word_1_158' title='bbox 360 1296 482 1347; x_wconf 82' lang='lat' dir='ltr'>testae</span> <span class='ocrx_word' id='word_1_159' title='bbox 503 1296 647 1344; x_wconf 85' lang='lat' dir='ltr'>ambae</span> <span class='ocrx_word' id='word_1_160' title='bbox 672 1296 847 1359; x_wconf 85' lang='lat' dir='ltr'>quibus</span> <span class='ocrx_word' id='word_1_161' title='bbox 877 1296 1054 1345; x_wconf 84' lang='lat' dir='ltr'>constat</span> <span class='ocrx_word' id='word_1_162' title='bbox 1073 1330 1085 1348; x_wconf 90' lang='lat'>‚</span> <span class='ocrx_word' id='word_1_163' title='bbox 1121 1294 1474 1357; x_wconf 82' lang='lat' dir='ltr'>coniunguntur</span> <span class='ocrx_word' id='word_1_164' title='bbox 1499 1328 1511 1347; x_wconf 89' lang='lat'>‚</span> <span class='ocrx_word' id='word_1_165' title='bbox 1553 1298 1579 1343; x_wconf 76' lang='lat' dir='ltr'>a</span> <span class='ocrx_word' id='word_1_166' title='bbox 1615 1296 1792 1344; x_wconf 85' lang='lat' dir='ltr'>Latinis</span> <span class='ocrx_word' id='word_1_167' title='bbox 1825 1301 1999 1358; x_wconf 82' lang='lat' dir='ltr'>Vnguis</span> 
     </span>
     <span class='ocr_line' id='line_1_20' title="bbox 363 1360 2009 1430; baseline -0.001 -20"><span class='ocrx_word' id='word_1_168' title='bbox 363 1377 506 1430; x_wconf 85' lang='lat' dir='ltr'>quem</span> <span class='ocrx_word' id='word_1_169' title='bbox 544 1361 825 1414; x_wconf 86' lang='lat' dir='ltr'>substantia,</span> <span class='ocrx_word' id='word_1_170' title='bbox 867 1369 909 1409; x_wconf 84' lang='lat'>&amp;</span> <span class='ocrx_word' id='word_1_171' title='bbox 928 1367 1086 1409; x_wconf 93' lang='lat' dir='ltr'>colore</span> <span class='ocrx_word' id='word_1_172' title='bbox 1107 1360 1322 1408; x_wconf 80' lang='lat' dir='ltr'>imitatur</span> <span class='ocrx_word' id='word_1_173' title='bbox 1345 1394 1356 1408; x_wconf 91' lang='lat'><strong>.</strong></span> <span class='ocrx_word' id='word_1_174' title='bbox 1397 1362 1624 1409; x_wconf 76' lang='lat' dir='ltr'>Concham</span> <span class='ocrx_word' id='word_1_175' title='bbox 1658 1363 1831 1422; x_wconf 78' lang='lat' dir='ltr'>longam</span> <span class='ocrx_word' id='word_1_176' title='bbox 1861 1377 2009 1409; x_wconf 69' lang='lat' dir='ltr'>eam.»</span> 
     </span>
     <span class='ocr_line' id='line_1_21' title="bbox 363 1426 2004 1486; baseline -0.003 -6"><span class='ocrx_word' id='word_1_177' title='bbox 363 1433 530 1481; x_wconf 85' lang='lat' dir='ltr'>dicunt</span> <span class='ocrx_word' id='word_1_178' title='bbox 550 1429 782 1485; x_wconf 76' lang='lat' dir='ltr'>Veneti,&amp;·</span> <span class='ocrx_word' id='word_1_179' title='bbox 801 1428 914 1477; x_wconf 88' lang='lat' dir='ltr'>alibi</span> <span class='ocrx_word' id='word_1_180' title='bbox 935 1427 1102 1475; x_wconf 85' lang='lat' dir='ltr'>Italico</span> <span class='ocrx_word' id='word_1_181' title='bbox 1122 1426 1263 1473; x_wconf 87' lang='lat' dir='ltr'>verbo</span> <span class='ocrx_word' id='word_1_182' title='bbox 1285 1426 1614 1475; x_wconf 71' lang='lat' dir='ltr'>Cannoltcchio‚</span> <span class='ocrx_word' id='word_1_183' title='bbox 1635 1426 1727 1473; x_wconf 75' lang='lat' dir='ltr'>siue</span> <span class='ocrx_word' id='word_1_184' title='bbox 1753 1428 1879 1486; x_wconf 73' lang='lat' dir='ltr'>Peste</span> <span class='ocrx_word' id='word_1_185' title='bbox 1899 1443 2004 1475; x_wconf 80' lang='lat' dir='ltr'>can·</span> 
     </span>
     <span class='ocr_line' id='line_1_22' title="bbox 365 1491 2006 1555; baseline -0.004 -9"><span class='ocrx_word' id='word_1_186' title='bbox 365 1499 481 1548; x_wconf 82' lang='lat' dir='ltr'>nella</span> <span class='ocrx_word' id='word_1_187' title='bbox 506 1529 521 1545; x_wconf 86' lang='lat'><strong>.</strong></span> <span class='ocrx_word' id='word_1_188' title='bbox 560 1495 714 1552; x_wconf 78' lang='lat' dir='ltr'>Viuit,</span> <span class='ocrx_word' id='word_1_189' title='bbox 731 1509 778 1543; x_wconf 86' lang='lat' dir='ltr'>vt</span> <span class='ocrx_word' id='word_1_190' title='bbox 793 1495 972 1543; x_wconf 83' lang='lat' dir='ltr'>Tellina</span> <span class='ocrx_word' id='word_1_191' title='bbox 988 1494 1069 1542; x_wconf 88' lang='lat' dir='ltr'>sub</span> <span class='ocrx_word' id='word_1_192' title='bbox 1091 1508 1227 1541; x_wconf 76' lang='lat' dir='ltr'>arena</span> <span class='ocrx_word' id='word_1_193' title='bbox 1245 1526 1258 1539; x_wconf 89' lang='lat'><strong>.</strong></span> <span class='ocrx_word' id='word_1_194' title='bbox 1299 1495 1410 1539; x_wconf 81' lang='lat' dir='ltr'>Haec</span> <span class='ocrx_word' id='word_1_195' title='bbox 1431 1491 1541 1538; x_wconf 85' lang='lat' dir='ltr'>testa</span> <span class='ocrx_word' id='word_1_196' title='bbox 1565 1492 1735 1555; x_wconf 75' lang='lat' dir='ltr'>septeni</span> <span class='ocrx_word' id='word_1_197' title='bbox 1755 1492 2006 1541; x_wconf 75' lang='lat' dir='ltr'>miiiimum</span> 
     </span>
     <span class='ocr_line' id='line_1_23' title="bbox 364 1557 2013 1627; baseline -0.003 -15"><span class='ocrx_word' id='word_1_198' title='bbox 364 1565 549 1627; x_wconf 77' lang='lat' dir='ltr'>digitos</span> <span class='ocrx_word' id='word_1_199' title='bbox 573 1567 715 1626; x_wconf 81' lang='lat' dir='ltr'>longa</span> <span class='ocrx_word' id='word_1_200' title='bbox 748 1562 828 1609; x_wconf 78' lang='lat' dir='ltr'>vix</span> <span class='ocrx_word' id='word_1_201' title='bbox 851 1578 993 1608; x_wconf 85' lang='lat' dir='ltr'>vnum</span> <span class='ocrx_word' id='word_1_202' title='bbox 1033 1563 1126 1608; x_wconf 83' lang='lat' dir='ltr'>lata</span> <span class='ocrx_word' id='word_1_203' title='bbox 1145 1559 1207 1606; x_wconf 79' lang='lat' dir='ltr'>est</span> <span class='ocrx_word' id='word_1_204' title='bbox 1229 1589 1241 1606; x_wconf 91' lang='lat'><strong>.</strong></span> <span class='ocrx_word' id='word_1_205' title='bbox 1306 1557 1434 1606; x_wconf 83' lang='lat' dir='ltr'>Huic</span> <span class='ocrx_word' id='word_1_206' title='bbox 1456 1557 1636 1605; x_wconf 84' lang='lat' dir='ltr'>summa</span> <span class='ocrx_word' id='word_1_207' title='bbox 1668 1559 1874 1606; x_wconf 85' lang='lat' dir='ltr'>cuticula</span> <span class='ocrx_word' id='word_1_208' title='bbox 1917 1557 2013 1607; x_wconf 65' lang='lat' dir='ltr'>flue*</span> 
     </span>
     <span class='ocr_line' id='line_1_24' title="bbox 364 1623 2011 1692; baseline -0.004 -13"><span class='ocrx_word' id='word_1_209' title='bbox 364 1631 634 1680; x_wconf 80' lang='lat' dir='ltr'>membrana</span> <span class='ocrx_word' id='word_1_210' title='bbox 657 1661 669 1682; x_wconf 83' lang='lat'>,</span> <span class='ocrx_word' id='word_1_211' title='bbox 689 1644 784 1692; x_wconf 83' lang='lat' dir='ltr'>qua</span> <span class='ocrx_word' id='word_1_212' title='bbox 806 1630 985 1692; x_wconf 83' lang='lat' dir='ltr'>tegitur</span> <span class='ocrx_word' id='word_1_213' title='bbox 1020 1623 1230 1675; x_wconf 85' lang='lat' dir='ltr'>subfusca</span> <span class='ocrx_word' id='word_1_214' title='bbox 1248 1623 1309 1672; x_wconf 86' lang='lat' dir='ltr'>est</span> <span class='ocrx_word' id='word_1_215' title='bbox 1334 1657 1346 1673; x_wconf 92' lang='lat'>,</span> <span class='ocrx_word' id='word_1_216' title='bbox 1371 1627 1436 1670; x_wconf 89' lang='lat' dir='ltr'>vel</span> <span class='ocrx_word' id='word_1_217' title='bbox 1463 1624 1721 1671; x_wconf 83' lang='lat' dir='ltr'>tellinarum</span> <span class='ocrx_word' id='word_1_218' title='bbox 1747 1625 2011 1686; x_wconf 84' lang='lat' dir='ltr'>vulgarium</span> 
     </span>
     <span class='ocr_line' id='line_1_25' title="bbox 364 1690 2014 1760; baseline -0.007 -12"><span class='ocrx_word' id='word_1_219' title='bbox 364 1697 607 1748; x_wconf 86' lang='lat' dir='ltr'>coloribus</span> <span class='ocrx_word' id='word_1_220' title='bbox 625 1695 842 1760; x_wconf 79' lang='lat' dir='ltr'>pingitur</span> <span class='ocrx_word' id='word_1_221' title='bbox 860 1729 872 1748; x_wconf 93' lang='lat'>,</span> <span class='ocrx_word' id='word_1_222' title='bbox 893 1696 1010 1742; x_wconf 91' lang='lat' dir='ltr'>inter</span> <span class='ocrx_word' id='word_1_223' title='bbox 1029 1708 1152 1756; x_wconf 86' lang='lat' dir='ltr'>quos</span> <span class='ocrx_word' id='word_1_224' title='bbox 1173 1692 1293 1738; x_wconf 85' lang='lat' dir='ltr'>linea</span> <span class='ocrx_word' id='word_1_225' title='bbox 1311 1690 1513 1738; x_wconf 82' lang='lat' dir='ltr'>albidior</span> <span class='ocrx_word' id='word_1_226' title='bbox 1553 1690 1602 1737; x_wconf 91' lang='lat' dir='ltr'>in</span> <span class='ocrx_word' id='word_1_227' title='bbox 1638 1693 1834 1752; x_wconf 83' lang='lat' dir='ltr'>longum</span> <span class='ocrx_word' id='word_1_228' title='bbox 1858 1704 2014 1744; x_wconf 86' lang='lat' dir='ltr'>exten-</span> 
     </span>
     <span class='ocr_line' id='line_1_26' title="bbox 361 1756 2010 1825; baseline -0.006 -11"><span class='ocrx_word' id='word_1_229' title='bbox 361 1768 510 1815; x_wconf 81' lang='lat' dir='ltr'>ditur,</span> <span class='ocrx_word' id='word_1_230' title='bbox 535 1776 579 1810; x_wconf 89' lang='lat' dir='ltr'>vt</span> <span class='ocrx_word' id='word_1_231' title='bbox 596 1764 873 1825; x_wconf 83' lang='lat' dir='ltr'>plurimum,</span> <span class='ocrx_word' id='word_1_232' title='bbox 892 1760 1129 1808; x_wconf 88' lang='lat' dir='ltr'>interdum</span> <span class='ocrx_word' id='word_1_233' title='bbox 1147 1771 1301 1821; x_wconf 87' lang='lat' dir='ltr'>aqueo</span> <span class='ocrx_word' id='word_1_234' title='bbox 1319 1757 1483 1804; x_wconf 83' lang='lat' dir='ltr'>cianeo</span> <span class='ocrx_word' id='word_1_235' title='bbox 1506 1756 1726 1804; x_wconf 82' lang='lat' dir='ltr'>vndulata</span> <span class='ocrx_word' id='word_1_236' title='bbox 1746 1790 1760 1802; x_wconf 87' lang='lat'><strong>.</strong></span> <span class='ocrx_word' id='word_1_237' title='bbox 1797 1762 2010 1821; x_wconf 82' lang='lat' dir='ltr'>Vtraque</span> 
     </span>
     <span class='ocr_line' id='line_1_27' title="bbox 364 1820 2012 1897; baseline -0.005 -18"><span class='ocrx_word' id='word_1_238' title='bbox 364 1848 474 1897; x_wconf 81' lang='lat' dir='ltr'>pars</span> <span class='ocrx_word' id='word_1_239' title='bbox 497 1843 700 1877; x_wconf 80' lang='lat' dir='ltr'>extrema</span> <span class='ocrx_word' id='word_1_240' title='bbox 724 1826 892 1885; x_wconf 87' lang='lat' dir='ltr'>retusa,</span> <span class='ocrx_word' id='word_1_241' title='bbox 911 1833 953 1874; x_wconf 85' lang='lat'><strong>&amp;</strong></span> <span class='ocrx_word' id='word_1_242' title='bbox 974 1826 1102 1888; x_wconf 82' lang='lat' dir='ltr'>quasi</span> <span class='ocrx_word' id='word_1_243' title='bbox 1120 1836 1371 1887; x_wconf 71' lang='lat' dir='ltr'>praerupta,</span> <span class='ocrx_word' id='word_1_244' title='bbox 1393 1836 1584 1886; x_wconf 87' lang='lat' dir='ltr'>vtraque</span> <span class='ocrx_word' id='word_1_245' title='bbox 1627 1820 1803 1885; x_wconf 85' lang='lat' dir='ltr'>semper</span> <span class='ocrx_word' id='word_1_246' title='bbox 1824 1837 1982 1885; x_wconf 85' lang='lat' dir='ltr'>aperta</span> <span class='ocrx_word' id='word_1_247' title='bbox 1999 1855 2012 1876; x_wconf 88' lang='lat'><strong>,</strong></span> 
     </span>
     <span class='ocr_line' id='line_1_28' title="bbox 365 1888 2017 1958; baseline -0.007 -13"><span class='ocrx_word' id='word_1_248' title='bbox 365 1908 410 1949; x_wconf 55' lang='grc' dir='ltr'>ὃ(</span> <span class='ocrx_word' id='word_1_249' title='bbox 440 1896 709 1946; x_wconf 85' lang='lat' dir='ltr'>naturaliter</span> <span class='ocrx_word' id='word_1_250' title='bbox 727 1893 862 1944; x_wconf 87' lang='lat' dir='ltr'>hians</span> <span class='ocrx_word' id='word_1_251' title='bbox 881 1927 895 1942; x_wconf 86' lang='lat'><strong>.</strong></span> <span class='ocrx_word' id='word_1_252' title='bbox 949 1890 1161 1958; x_wconf 70' lang='lat' dir='ltr'>Copiosz}</span> <span class='ocrx_word' id='word_1_253' title='bbox 1178 1902 1179 1905; x_wconf 74' lang='grc'>’</span> <span class='ocrx_word' id='word_1_254' title='bbox 1197 1892 1245 1938; x_wconf 86' lang='lat' dir='ltr'>in</span> <span class='ocrx_word' id='word_1_255' title='bbox 1281 1890 1420 1942; x_wconf 87' lang='lat' dir='ltr'>litore</span> <span class='ocrx_word' id='word_1_256' title='bbox 1455 1889 1620 1941; x_wconf 82' lang='lat' dir='ltr'>Latino</span> <span class='ocrx_word' id='word_1_257' title='bbox 1640 1921 1653 1942; x_wconf 93' lang='lat'>,</span> <span class='ocrx_word' id='word_1_258' title='bbox 1688 1895 1732 1940; x_wconf 69' lang='grc' dir='ltr'>ὃς</span> <span class='ocrx_word' id='word_1_259' title='bbox 1768 1888 1885 1939; x_wconf 88' lang='lat' dir='ltr'>alibi</span> <span class='ocrx_word' id='word_1_260' title='bbox 1921 1894 2017 1955; x_wconf 75' lang='lat' dir='ltr'>col·</span> 
     </span>
     <span class='ocr_line' id='line_1_29' title="bbox 368 1964 1493 2031; baseline -0.009 -17"><span class='ocrx_word' id='word_1_261' title='bbox 368 1964 535 2030; x_wconf 76' lang='lat' dir='ltr'>ligitur</span> <span class='ocrx_word' id='word_1_262' title='bbox 556 1996 568 2008; x_wconf 93' lang='lat'>.</span> <span class='ocrx_word' id='word_1_263' title='bbox 1141 2022 1150 2031; x_wconf 38' lang='lat'>⁸</span> <span class='ocrx_word' id='word_1_264' title='bbox 1482 2021 1493 2031; x_wconf 35' lang='lat'><strong>⁶</strong></span> 
     </span>
     <span class='ocr_line' id='line_1_30' title="bbox 418 2020 2013 2103; baseline -0.004 -26"><span class='ocrx_word' id='word_1_265' title='bbox 418 2041 454 2103; x_wconf 73' lang='lat' dir='ltr'>g</span> <span class='ocrx_word' id='word_1_266' title='bbox 522 2026 818 2080; x_wconf 82' lang='lat' dir='ltr'>Binis-valuis</span> <span class='ocrx_word' id='word_1_267' title='bbox 847 2024 982 2077; x_wconf 69' lang='lat' dir='ltr'>valde</span> <span class='ocrx_word' id='word_1_268' title='bbox 1015 2022 1243 2074; x_wconf 77' lang='lat' dir='ltr'>tenuibus</span> <span class='ocrx_word' id='word_1_269' title='bbox 1268 2031 1572 2093; x_wconf 77' lang='lat' dir='ltr'>componitur</span> <span class='ocrx_word' id='word_1_270' title='bbox 1594 2020 1788 2068; x_wconf 83' lang='lat' dir='ltr'>Concha</span> <span class='ocrx_word' id='word_1_271' title='bbox 1808 2020 1903 2069; x_wconf 86' lang='lat' dir='ltr'>haec</span> <span class='ocrx_word' id='word_1_272' title='bbox 1925 2055 1938 2075; x_wconf 91' lang='lat'>‚</span> <span class='ocrx_word' id='word_1_273' title='bbox 1968 2029 2013 2071; x_wconf 75' lang='grc' dir='ltr'>δε</span> 
     </span>
     <span class='ocr_line' id='line_1_31' title="bbox 377 2060 2011 2158; baseline -0.004 -14"><span class='ocrx_word' id='word_1_274' title='bbox 377 2060 404 2118; x_wconf 74' lang='lat'>5</span> <span class='ocrx_word' id='word_1_275' title='bbox 560 2093 752 2158; x_wconf 88' lang='lat' dir='ltr'>quidem</span> <span class='ocrx_word' id='word_1_276' title='bbox 787 2094 893 2143; x_wconf 88' lang='lat' dir='ltr'>sunt</span> <span class='ocrx_word' id='word_1_277' title='bbox 914 2090 1008 2141; x_wconf 71' lang='lat' dir='ltr'>fere?</span> <span class='ocrx_word' id='word_1_278' title='bbox 1028 2094 1178 2154; x_wconf 86' lang='lat' dir='ltr'>planae</span> <span class='ocrx_word' id='word_1_279' title='bbox 1198 2121 1214 2146; x_wconf 86' lang='lat'>,</span> <span class='ocrx_word' id='word_1_280' title='bbox 1246 2103 1295 2139; x_wconf 83' lang='lat' dir='ltr'>vt</span> <span class='ocrx_word' id='word_1_281' title='bbox 1311 2087 1451 2151; x_wconf 79' lang='lat' dir='ltr'>piscis</span> <span class='ocrx_word' id='word_1_282' title='bbox 1494 2084 1695 2149; x_wconf 86' lang='lat' dir='ltr'>squamae</span> <span class='ocrx_word' id='word_1_283' title='bbox 1715 2120 1728 2136; x_wconf 89' lang='lat'><strong><em>.</em></strong></span> <span class='ocrx_word' id='word_1_284' title='bbox 1771 2089 2011 2138; x_wconf 53' lang='lat' dir='ltr'>Concha)</span> 
     </span>
     <span class='ocr_line' id='line_1_32' title="bbox 374 2150 2017 2223; baseline -0.005 -10"><span class='ocrx_word' id='word_1_285' title='bbox 374 2162 528 2213; x_wconf 81' lang='lat' dir='ltr'>tennis</span> <span class='ocrx_word' id='word_1_286' title='bbox 561 2161 680 2210; x_wconf 83' lang='lat' dir='ltr'>testae</span> <span class='ocrx_word' id='word_1_287' title='bbox 699 2160 884 2210; x_wconf 84' lang='lat' dir='ltr'>videtur</span> <span class='ocrx_word' id='word_1_288' title='bbox 904 2155 1175 2223; x_wconf 81' lang='lat' dir='ltr'>appellanda</span> <span class='ocrx_word' id='word_1_289' title='bbox 1193 2187 1206 2206; x_wconf 88' lang='lat'>‚</span> <span class='ocrx_word' id='word_1_290' title='bbox 1225 2168 1350 2202; x_wconf 86' lang='lat' dir='ltr'>extra</span> <span class='ocrx_word' id='word_1_291' title='bbox 1371 2150 1527 2200; x_wconf 86' lang='lat' dir='ltr'>scabra</span> <span class='ocrx_word' id='word_1_292' title='bbox 1548 2186 1559 2204; x_wconf 90' lang='lat'>‚</span> <span class='ocrx_word' id='word_1_293' title='bbox 1586 2160 1630 2202; x_wconf 89' lang='lat'>&amp;</span> <span class='ocrx_word' id='word_1_294' title='bbox 1656 2157 1780 2203; x_wconf 84' lang='lat' dir='ltr'>lutea</span> <span class='ocrx_word' id='word_1_295' title='bbox 1801 2187 1814 2206; x_wconf 87' lang='lat'>‚</span> <span class='ocrx_word' id='word_1_296' title='bbox 1847 2155 2017 2204; x_wconf 55' lang='lat' dir='ltr'>intra,</span> 
     </span>
     <span class='ocr_line' id='line_1_33' title="bbox 373 2220 2015 2294; baseline -0.006 -15"><span class='ocrx_word' id='word_1_297' title='bbox 373 2247 427 2279; x_wconf 73' lang='lat' dir='ltr'>ex</span> <span class='ocrx_word' id='word_1_298' title='bbox 446 2241 666 2294; x_wconf 84' lang='lat' dir='ltr'>argenteo</span> <span class='ocrx_word' id='word_1_299' title='bbox 685 2231 844 2276; x_wconf 87' lang='lat' dir='ltr'>colore</span> <span class='ocrx_word' id='word_1_300' title='bbox 859 2226 1058 2292; x_wconf 82' lang='lat' dir='ltr'>glastino</span> <span class='ocrx_word' id='word_1_301' title='bbox 1075 2224 1221 2271; x_wconf 86' lang='lat' dir='ltr'>velata</span> <span class='ocrx_word' id='word_1_302' title='bbox 1241 2254 1254 2274; x_wconf 83' lang='lat'>‚</span> <span class='ocrx_word' id='word_1_303' title='bbox 1278 2220 1505 2285; x_wconf 84' lang='lat' dir='ltr'>paulatim</span> <span class='ocrx_word' id='word_1_304' title='bbox 1523 2220 1580 2268; x_wconf 88' lang='lat' dir='ltr'>ad</span> <span class='ocrx_word' id='word_1_305' title='bbox 1604 2222 1760 2269; x_wconf 86' lang='lat' dir='ltr'>rufum</span> <span class='ocrx_word' id='word_1_306' title='bbox 1798 2237 1908 2269; x_wconf 86' lang='lat' dir='ltr'>cum</span> <span class='ocrx_word' id='word_1_307' title='bbox 1944 2224 2015 2270; x_wconf 76' lang='lat' dir='ltr'>ni-</span> 
     </span>
     <span class='ocr_line' id='line_1_34' title="bbox 374 2287 2020 2362; baseline -0.001 -23"><span class='ocrx_word' id='word_1_308' title='bbox 374 2313 475 2348; x_wconf 71' lang='lat' dir='ltr'>tore</span> <span class='ocrx_word' id='word_1_309' title='bbox 494 2295 783 2362; x_wconf 75' lang='lat' dir='ltr'>pellucidum</span> <span class='ocrx_word' id='word_1_310' title='bbox 809 2295 970 2344; x_wconf 71' lang='lat' dir='ltr'>transit</span> <span class='ocrx_word' id='word_1_311' title='bbox 990 2327 1001 2339; x_wconf 93' lang='lat'><strong>.</strong></span> <span class='ocrx_word' id='word_1_312' title='bbox 1053 2288 1312 2342; x_wconf 85' lang='lat' dir='ltr'>Abbundat</span> <span class='ocrx_word' id='word_1_313' title='bbox 1349 2287 1399 2336; x_wconf 90' lang='lat' dir='ltr'>in</span> <span class='ocrx_word' id='word_1_314' title='bbox 1418 2287 1741 2351; x_wconf 83' lang='lat' dir='ltr'>Drepanitano</span> <span class='ocrx_word' id='word_1_315' title='bbox 1765 2288 1902 2337; x_wconf 89' lang='lat' dir='ltr'>litore</span> <span class='ocrx_word' id='word_1_316' title='bbox 1942 2291 2020 2338; x_wconf 92' lang='lat' dir='ltr'>vbi</span> 
     </span>
     <span class='ocr_line' id='line_1_35' title="bbox 375 2357 1164 2416; baseline -0.016 -1"><span class='ocrx_word' id='word_1_317' title='bbox 375 2367 435 2416; x_wconf 79' lang='lat' dir='ltr'>ab</span> <span class='ocrx_word' id='word_1_318' title='bbox 464 2363 640 2414; x_wconf 85' lang='lat' dir='ltr'>Incolis</span> <span class='ocrx_word' id='word_1_319' title='bbox 661 2361 844 2410; x_wconf 83' lang='lat' dir='ltr'>dicitur</span> <span class='ocrx_word' id='word_1_320' title='bbox 864 2357 1126 2411; x_wconf 77' lang='lat' dir='ltr'>sartaniello</span> <span class='ocrx_word' id='word_1_321' title='bbox 1148 2387 1164 2402; x_wconf 86' lang='lat'><strong>.</strong></span> 
     </span>
     <span class='ocr_line' id='line_1_36' title="bbox 540 2419 2029 2487; baseline -0.007 -7"><span class='ocrx_word' id='word_1_322' title='bbox 540 2435 690 2480; x_wconf 84' lang='lat' dir='ltr'>Cama</span> <span class='ocrx_word' id='word_1_323' title='bbox 710 2462 723 2481; x_wconf 70' lang='lat'>2</span> <span class='ocrx_word' id='word_1_324' title='bbox 747 2428 843 2478; x_wconf 91' lang='lat' dir='ltr'>alio</span> <span class='ocrx_word' id='word_1_325' title='bbox 875 2426 1062 2475; x_wconf 87' lang='lat' dir='ltr'>nomine</span> <span class='ocrx_word' id='word_1_326' title='bbox 1080 2420 1428 2487; x_wconf 81' lang='lat' dir='ltr'>Clycimerydes</span> <span class='ocrx_word' id='word_1_327' title='bbox 1457 2434 1626 2485; x_wconf 84' lang='lat' dir='ltr'>magna</span> <span class='ocrx_word' id='word_1_328' title='bbox 1647 2452 1662 2477; x_wconf 90' lang='lat'><strong>,</strong></span> <span class='ocrx_word' id='word_1_329' title='bbox 1684 2421 1772 2469; x_wconf 83' lang='lat' dir='ltr'>hoc</span> <span class='ocrx_word' id='word_1_330' title='bbox 1799 2419 1861 2469; x_wconf 87' lang='lat' dir='ltr'>est</span> <span class='ocrx_word' id='word_1_331' title='bbox 1880 2424 2029 2470; x_wconf 84' lang='lat' dir='ltr'>Cama</span> 
     </span>
     <span class='ocr_line' id='line_1_37' title="bbox 378 2454 2020 2560; baseline -0.006 -14"><span class='ocrx_word' id='word_1_332' title='bbox 378 2454 469 2519; x_wconf 71' lang='lat'>59</span> <span class='ocrx_word' id='word_1_333' title='bbox 571 2512 742 2560; x_wconf 79' lang='lat' dir='ltr'>magna</span> <span class='ocrx_word' id='word_1_334' title='bbox 780 2494 972 2544; x_wconf 77' lang='lat' dir='ltr'>dulcis:</span> <span class='ocrx_word' id='word_1_335' title='bbox 1005 2489 1176 2539; x_wconf 88' lang='lat' dir='ltr'>salsedo</span> <span class='ocrx_word' id='word_1_336' title='bbox 1208 2489 1332 2536; x_wconf 86' lang='lat' dir='ltr'>enim</span> <span class='ocrx_word' id='word_1_337' title='bbox 1365 2487 1524 2534; x_wconf 87' lang='lat' dir='ltr'>minor</span> <span class='ocrx_word' id='word_1_338' title='bbox 1563 2504 1705 2552; x_wconf 85' lang='lat' dir='ltr'>quam</span> <span class='ocrx_word' id='word_1_339' title='bbox 1744 2488 1918 2538; x_wconf 73' lang='lat' dir='ltr'>caeteris</span> <span class='ocrx_word' id='word_1_340' title='bbox 1950 2487 2020 2536; x_wconf 90' lang='lat' dir='ltr'>illi</span> 
     </span>
     <span class='ocr_line' id='line_1_38' title="bbox 378 2552 2029 2618; baseline -0.006 -7"><span class='ocrx_word' id='word_1_341' title='bbox 378 2561 523 2616; x_wconf 81' lang='lat' dir='ltr'>inest3</span> <span class='ocrx_word' id='word_1_342' title='bbox 559 2563 817 2614; x_wconf 82' lang='lat' dir='ltr'>In‘Iberico</span> <span class='ocrx_word' id='word_1_343' title='bbox 854 2560 975 2609; x_wconf 88' lang='lat' dir='ltr'>mari</span> <span class='ocrx_word' id='word_1_344' title='bbox 1014 2555 1131 2606; x_wconf 81' lang='lat' dir='ltr'>adeo</span> <span class='ocrx_word' id='word_1_345' title='bbox 1160 2554 1338 2607; x_wconf 85' lang='lat' dir='ltr'>crescit,</span> <span class='ocrx_word' id='word_1_346' title='bbox 1360 2567 1406 2601; x_wconf 92' lang='lat' dir='ltr'>vt</span> <span class='ocrx_word' id='word_1_347' title='bbox 1428 2552 1560 2616; x_wconf 82' lang='lat' dir='ltr'>pedis</span> <span class='ocrx_word' id='word_1_348' title='bbox 1584 2554 1881 2618; x_wconf 84' lang='lat' dir='ltr'>longitudine</span> <span class='ocrx_word' id='word_1_349' title='bbox 1897 2570 2029 2603; x_wconf 86' lang='lat' dir='ltr'>com-</span> 
     </span>
     <span class='ocr_line' id='line_1_39' title="bbox 378 2619 2024 2683; baseline -0.004 -8"><span class='ocrx_word' id='word_1_350' title='bbox 378 2630 675 2680; x_wconf 87' lang='lat' dir='ltr'>mensuretur</span> <span class='ocrx_word' id='word_1_351' title='bbox 697 2664 708 2676; x_wconf 92' lang='lat'><strong>.</strong></span> <span class='ocrx_word' id='word_1_352' title='bbox 749 2627 1016 2678; x_wconf 81' lang='lat' dir='ltr'>Ponderoia</span> <span class='ocrx_word' id='word_1_353' title='bbox 1050 2623 1129 2676; x_wconf 86' lang='lat' dir='ltr'>est,</span> <span class='ocrx_word' id='word_1_354' title='bbox 1151 2628 1194 2671; x_wconf 84' lang='lat'>&amp;</span> <span class='ocrx_word' id='word_1_355' title='bbox 1214 2622 1367 2680; x_wconf 83' lang='lat' dir='ltr'>densa,</span> <span class='ocrx_word' id='word_1_356' title='bbox 1391 2619 1591 2683; x_wconf 86' lang='lat' dir='ltr'>figulino</span> <span class='ocrx_word' id='word_1_357' title='bbox 1618 2626 1770 2670; x_wconf 88' lang='lat' dir='ltr'>colore</span> <span class='ocrx_word' id='word_1_358' title='bbox 1794 2654 1807 2673; x_wconf 88' lang='lat'>‚</span> <span class='ocrx_word' id='word_1_359' title='bbox 1828 2621 2024 2671; x_wconf 85' lang='lat' dir='ltr'>maculis</span> 
     </span>
     <span class='ocr_line' id='line_1_40' title="bbox 380 2687 2034 2762; baseline -0.005 -18"><span class='ocrx_word' id='word_1_360' title='bbox 380 2696 524 2762; x_wconf 86' lang='lat' dir='ltr'>pullis</span> <span class='ocrx_word' id='word_1_361' title='bbox 550 2699 824 2759; x_wconf 85' lang='lat' dir='ltr'>deturpato,</span> <span class='ocrx_word' id='word_1_362' title='bbox 841 2694 887 2740; x_wconf 91' lang='lat' dir='ltr'>in</span> <span class='ocrx_word' id='word_1_363' title='bbox 902 2706 1031 2758; x_wconf 83' lang='lat' dir='ltr'>parte</span> <span class='ocrx_word' id='word_1_364' title='bbox 1049 2704 1247 2750; x_wconf 86' lang='lat' dir='ltr'>externa,</span> <span class='ocrx_word' id='word_1_365' title='bbox 1267 2707 1368 2757; x_wconf 77' lang='lat' dir='ltr'>quae</span> <span class='ocrx_word' id='word_1_366' title='bbox 1396 2687 1682 2754; x_wconf 78' lang='lat' dir='ltr'>multiplices</span> <span class='ocrx_word' id='word_1_367' title='bbox 1722 2689 1904 2740; x_wconf 81' lang='lat' dir='ltr'>tunicas</span> <span class='ocrx_word' id='word_1_368' title='bbox 1920 2687 2034 2736; x_wconf 81' lang='lat' dir='ltr'>alia-s</span> 
     </span>
     <span class='ocr_line' id='line_1_41' title="bbox 382 2757 1882 2868; baseline -0.009 -54"><span class='ocrx_word' id='word_1_369' title='bbox 382 2763 488 2823; x_wconf 77' lang='lat' dir='ltr'>alijs</span> <span class='ocrx_word' id='word_1_370' title='bbox 516 2761 896 2832; x_wconf 55' lang='lat' dir='ltr'>superimpositas</span> <span class='ocrx_word' id='word_1_371' title='bbox 925 2757 1154 2810; x_wconf 84' lang='lat' dir='ltr'>ostendit.</span> <span class='ocrx_word' id='word_1_372' title='bbox 1842 2823 1882 2868; x_wconf 77' lang='lat' dir='ltr'>C</span> 
     </span>
     <span class='ocr_line' id='line_1_42' title="bbox 951 2836 1972 2869; baseline -0.002 2"><span class='ocrx_word' id='word_1_373' title='bbox 951 2843 955 2851; x_wconf 93' lang='lat'>·</span> <span class='ocrx_word' id='word_1_374' title='bbox 1886 2836 1972 2869; x_wconf 79' lang='lat' dir='ltr'>on-</span> 
     </span>
    </p>
   </div>
  </div>
 </body>
</html>
