2144 3218
516 169 662 230 154
891 145 1121 223 PARS
1167 149 1614 232 SECVNDA

407 282 629 342 crispatas
657 274 922 340 effingunt3
966 278 1096 341 apud
1115 278 1260 328 Indos
1311 280 1404 331 fuit
1433 284 1686 341 inuentus:

408 354 535 423 28'9
588 349 771 394 ,Murex
793 343 842 391 in
866 344 1102 395 Orientali
1123 345 1362 396 Indiarum
1391 353 1512 402 mari
1526 369 1665 405 natus
1687 388 1701 408 ,
1720 356 1807 420 qui
1831 352 2064 406 Fasciatus

638 412 734 461 dici
771 411 921 475 {³01⁶st
938 411 964 458 ἐ
1002 410 1154 471 Γὸἷῑῖἰὸ
1171 413 1221 460 in
1246 418 1442 479 ae‘luall'a
1459 419 1609 483 spatia
1628 421 1889 474 distributis
1907 456 1922 470 .
1957 426 2061 477 tHae

405 478 700 529 Concolores
727 477 832 526 sunt
853 476 970 525 testae
994 493 1047 525 ex
1065 479 1276 529 castaneo
1300 483 1546 536 rufescenti
1569 522 1581 541 ,
1610 488 1686 536 sed
1706 488 1765 537 ab
1788 489 1887 552 ipsa
1903 490 2064 538 testa)

400 542 522 617 adeo
545 550 787 596 eleuantur
815 578 828 598 ,
862 558 918 595 vt
957 547 1120 609 potius
1148 548 1315 597 circuli
1348 551 1431 614 ipfi
1457 553 1745 620 superadditi
1784 556 2024 606 videantur
2045 589 2060 602 ,

401 615 626 677 Qumque
651 613 842 662 orbium
867 611 1003 677 spiris
1024 616 1442 679 comprehenditur
1461 637 1475 674 ;
1513 638 1566 673 ex
1585 622 1774 671 duobus
1792 621 1891 671 oris
1915 621 2056 669 labris

398 680 599 729 alterum
632 682 797 731 leui-ter
818 679 1047 744 crispatur
1065 714 1078 735 ,
1099 687 1296 732 alterum
1318 688 1517 738 valuulis
1549 724 1561 743 ,
1583 696 1626 738 &
1648 689 1804 752 strigis
1825 691 2062 751 eleganter

397 759 774 818 exornarunquae
801 749 848 795 in
867 748 1059 797 aduersa
1078 749 1193 798 facie
1217 751 1361 801 instar
1382 755 1738 806 tuberculorum
1758 755 2022 806 tumescunt
2046 786 2062 807 ‚

398 811 704 881 indicantque
726 815 900 865 mirum
932 820 1122 867 Naturae
1142 818 1390 880 opificium
1415 855 1429 870 .

402 901 537 954 290
610 890 771 931 Msssex
809 881 1141 945 Triangulaxis
1164 917 1176 936 2
1202 887 1342 934 costis
1365 890 1641 940 marmoreis
1669 889 1810 938 eriam
1850 889 2024 938 cinctus
2047 921 2062 935 .

567 1018 574 1025 ι
635 955 719 998 Hae
741 964 896 999 autem
917 953 964 998 in
987 950 1183 1001 orbibus
1203 968 1440 1017 aptantur,
1468 971 1514 1004 vt
1533 959 1750 1020 plurimis
1765 954 2020 1004 tuberculis
2044 988 2060 1011 ,

397 1020 604 1071 &nodis
648 1018 896 1082 inaequales
924 1033 978 1066 ex
997 1018 1211 1081 pluribus
1250 1021 1371 1068 testae
1408 1026 1627 1087 partibus
1648 1025 1867 1073 formatae
1885 1022 2071 1069 videan-

392 1104 473 1140 tur
494 1123 507 1138 .
545 1094 602 1138 In
617 1085 749 1134 labro
772 1084 1004 1136 desinunt,
1030 1098 1080 1130 vt
1125 1085 1278 1149 figura
1300 1089 1592 1152 repraesenrat
1612 1124 1624 1143 ,
1646 1088 1897 1139 iucundius
1924 1087 2069 1150 inspi-

394 1156 577 1208 cienda,
600 1155 746 1215 quam
766 1150 1066 1200 describenda
1085 1183 1099 1196 .
1140 1157 1251 1202 Pars
1269 1154 1369 1203 cius
1389 1156 1587 1211 interna,
1612 1172 1661 1206 vt
1679 1156 1749 1206 lac
1763 1153 1972 1206 albescit,
1989 1170 2065 1201 ex-

394 1239 524 1273 terna
544 1220 654 1272 vero
678 1222 910 1282 tophacea
931 1218 1006 1272 est,
1036 1220 1104 1265 vel
1124 1219 1297 1268 filauida
1321 1255 1333 1266 .

396 1319 476 1371 29
496 1317 520 1364 Ι
604 1292 767 1334 Murex
787 1286 902 1336 leuis
925 1318 937 1339 ‚
957 1301 1011 1334 ac
1033 1285 1215 1349 fragilis
1249 1287 1373 1335 testae
1396 1319 1411 1335 .
1454 1293 1520 1336 Ex
1541 1290 1735 1337 tonsillis
1756 1320 1768 1338 ‚
1791 1287 1966 1349 quibus
1993 1299 2069 1331 or-

633 1354 713 1402 bes
730 1354 1015 1403 decorantur
1036 1351 1099 1399 est
1122 1352 1518 1419 spectabilisdicer
1534 1361 1693 1405 colore
1716 1355 1827 1403 albo
1845 1352 2064 1415 vulgaris,

388 1419 648 1483 aliquando
675 1435 828 1469 terreo
851 1421 994 1470 etiam
1015 1423 1177 1469 colore
1203 1420 1413 1484 aspersus
1429 1458 1440 1470 .

391 1508 526 1577 292
596 1485 909 1535 Pulchritudo
941 1487 1082 1534 huius
1122 1485 1386 1534 desumitur
1427 1490 1455 1535 ὁ,
1495 1499 1601 1534 cute
1638 1486 1776 1534 instar
1819 1483 2054 1533 oloserici

404 1578 406 1581 ·
626 1552 804 1605 vndati,
834 1557 876 1599 &
896 1550 1125 1600 bicoloris
1146 1548 1330 1613 depiCta
1358 1586 1371 1598 .
1409 1553 1681 1616 Aliquando
1703 1550 1946 1615 squamosa
1968 1551 2056 1597 ser-

384 1626 585 1687 pentum
603 1623 771 1684 pellem
792 1619 927 1665 miris
947 1617 1188 1666 coloribus
1209 1618 1410 1670 limmat,
1432 1619 1669 1666 interdum
1693 1617 1867 1680 paleari
1896 1614 2054 1664 colore

388 1679 609 1739 flaunlus,
635 1686 812 1735 notulis
837 1684 987 1736 furuis
1009 1683 1231 1747 signatur,
1255 1688 1396 1732 velex
1418 1687 1635 1733 oleacino
1659 1682 1930 1734 subuiridis,
1948 1682 2063 1730 luri-

389 1745 473 1794 <338
493 1757 700 1806 maculas
725 1753 923 1802 ostentat
945 1788 963 1804 .
996 1754 1062 1798 Ex
1083 1751 1262 1798 Oceani
1279 1751 1523 1800 littoribus
1542 1754 1736 1801 habetur
1758 1783 1770 1796 .

395 1840 473 1892 29
485 1840 514 1899 3
595 1826 759 1870 Murex
782 1854 793 1872 ,
821 1818 906 1884 qui
929 1818 1138 1865 Cochlea
1156 1816 1340 1866 Hebrea
1361 1817 1389 1866 ὲ
1415 1820 1654 1866 nonnullis
1676 1829 1867 1871 vocatur
1896 1847 1910 1860 .
1948 1816 2061 1862 Infi·

625 1888 732 1952 gnis
755 1886 816 1934 est
833 1901 886 1934 ex
907 1883 1120 1938 maculis,
1148 1886 1217 1931 vel
1235 1882 1517 1950 sanguineis,
1546 1889 1613 1933 vel
1637 1885 1922 1943 terreis,quae
1961 1893 2062 1929 tan-

389 1972 531 2020 quam
557 1953 810 2003 arbitrariae
831 1965 952 2001 notae
993 1949 1131 2014 supra
1161 1954 1370 1999 colorem
1410 1952 1570 2001 album
1590 1966 1732 2000 aureo
1754 1950 1941 1997 mistum
1962 1949 2055 1997 dis-

388 2023 553 2088 persae,
574 2023 882 2072 Haebreorum
895 2020 1178 2066 characteres
1194 2019 1435 2067 multoties
1464 2018 1730 2083 exprimunt
1748 2054 1759 2067 .
1800 2020 1882 2063 Hae
1900 2029 2060 2063 autem

386 2105 485 2140 non
510 2089 711 2139 absimili
728 2085 880 2136 modo
923 2117 936 2139 >
974 2100 1073 2148 quo
1096 2084 1304 2134 crescunt
1325 2085 1532 2135 incii'urae
1569 2087 1618 2131 in
1644 2083 1904 2131 corticibus
1925 2083 2064 2131 arbo-

388 2172 494 2207 rum
532 2156 657 2207 faciae
684 2154 916 2221 paulatim
955 2168 1064 2201 cum
1088 2151 1201 2202 testa
1221 2167 1478 2216 augentur,
1509 2167 1591 2199 nec
1610 2150 1816 2199 formam
1832 2162 2048 2199 mutant.

390 2225 618 2275 Muricern
645 2225 788 2272 etiam
833 2231 1164 2269 mucronatum
1205 2217 1357 2266 dicere
1380 2219 1488 2282 quis
1515 2218 1657 2282 posset
1675 2234 1729 2266 ex
1748 2216 2054 2266 mucronibus

389 2294 438 2340 in
460 2294 632 2356 primo,
653 2298 693 2338 δι’
713 2288 884 2339 maiori
911 2287 1023 2336 orbe
1054 2284 1438 2338 exuberantibus,
1461 2287 1636 2348 quibus
1655 2287 1772 2333 mira
1790 2285 1890 2331 eius
1915 2298 2054 2330 venu-

388 2361 476 2409 stas
501 2373 700 2424 augetur
722 2391 734 2404 .
777 2361 831 2405 In
854 2355 952 2403 oris
972 2365 1187 2414 apertura
1202 2367 1311 2416 pars
1338 2352 1516 2402 sinuosa
1533 2353 1638 2402 alba
1654 2353 1733 2405 est,
1758 2358 1800 2399 &
1822 2351 1971 2398 nitens
1995 2354 2062 2398 la-

382 2422 622 2492 ‘br‘umque
645 2437 887 2473 crematum
916 2421 1152 2484 detegitur
1180 2447 1196 2467 .

389 2514 531 2576 294
601 2498 761 2541 Murex
781 2490 1028 2541 Rostratus
1064 2484 1234 2534 merito
1261 2486 1569 2550 appellandus
1589 2519 1601 2531 .
1640 2492 1884 2535 Mucrones
1901 2481 2042 2533 enim,

628 2561 805 2625 quibus
825 2557 1104 2606 munitunvt
1119 2552 1270 2602 Corui
1292 2553 1510 2603 Rostrum
1530 2568 1784 2603 curuantur
1802 2585 1818 2604 .
1863 2549 2056 2599 Colori-

393 2641 482 2690 bus
500 2626 794 2687 antecedenti
843 2623 1041 2674 omnino
1064 2619 1223 2671 fimilis
1244 2655 1256 2667 .

398 2734 434 2775 2
493 2727 520 2784 5
586 2691 762 2743 'Mtuex
787 2690 1096 2741 mucronibus
1131 2688 1374 2743 breuibus,
1415 2691 1457 2734 &
1478 2684 1569 2734 fine
1591 2688 1756 2736 ordine
1789 2680 2057 2750 dispositis,

439 2730 483 2796 9
630 2765 886 2812 aculeatus,
911 2758 1063 2818 fasciis
1088 2754 1273 2817 insuper
1291 2755 1411 2805 albis
1434 2752 1630 2810 cinstus,
1662 2771 1878 2805 caeterum
1896 2753 2053 2800 colore

390 2833 518 2897 tyrio
548 2827 597 2874 in
627 2829 814 2892 nigrum
844 2825 1163 2891 propendente
1186 2855 1199 2868 .

391 2905 526 2981 295
601 2901 763 2947 Murex
784 2895 867 2945 nisi
888 2893 1025 2945 fallor
1040 2923 1057 2950 ,
1084 2890 1261 2940 cacteris
1280 2887 1572 2955 praestantior
1590 2924 1605 2946 ,
1647 2903 1732 2944 aut
1750 2889 1910 2939 saltem
1938 2882 2060 2934 nulli

1886 2953 1992 3020 pul-
