2144 3218
726 106 742 175 ζ
815 87 1042 163 ‘GAR
1081 85 1222 159 1114
1597 99 1691 178 {1³74

527 319 533 333 Δ,
563 233 565 236 ’
594 228 800 298 CAP.
852 217 1330 297 TERTIVM.

139 388 553 466 Animalium
576 386 1059 457 Testaceorum
1078 380 1336 459 diuisi0‚
1371 381 1438 450 in
1470 374 1602 476 qua
1626 376 1790 473 Spe0,

367 483 626 554 clerum
653 479 945 550 Varietas
974 525 992 555 ,
1012 475 1557 569 eorumdemque

420 610 422 613 ·
657 571 875 663 Origo
917 568 1282 643 indicatum

200 761 205 764 ’
269 769 317 813 D
354 763 625 832 explendam
664 760 996 811 curiositatem
1031 756 1339 822 dignoscendi
1372 753 1687 819 multiplicem
1710 756 1797 803 Te·-

154 773 258 891 A
303 832 560 882 staceorum
585 827 869 878 varietatem
894 862 907 881 ,
932 844 1034 892 qua:
1060 825 1109 872 in
1142 825 1269 873 vasto
1285 824 1543 873 matisfiuu
1582 836 1801 886 generati<

139 910 231 955 tur,
263 899 390 949 haud
410 899 533 947 certe
558 912 720 946 eorum
763 911 1012 944 numerum
1030 890 1311 958 perscrutari
1347 891 1456 955 quis
1473 890 1612 940 debet
1633 924 1647 944 ,
1683 903 1804 953 quo-

145 964 274 1012 niam
300 981 354 1013 ex
369 964 578 1015 Dauidis
623 978 732 1016 ore,
749 963 928 1012 Oceani
959 961 1215 1026 penetralia
1247 959 1420 1007 mentis
1440 961 1582 1007 oculo
1615 954 1804 1021 perqui-

138 1031 292 1078 ,rentis
316 1033 578 1086 ,habemus
604 1047 615 1075 ε
655 1030 752 1078 illic
770 1030 848 1092 effe
883 1030 1077 1093 Reptilia
1095 1059 1110 1080 ,
1129 1042 1314 1092 quorum
1353 1043 1440 1076 non
1473 1024 1530 1085 eli
1561 1039 1771 1074 numerus
1791 1038 1805 1067 ε

141 1101 184 1143 &
203 1100 424 1161 quamuis
450 1096 743 1163 hiperbolice
768 1099 1023 1160 loquutum
1058 1091 1142 1142 effe
1159 1095 1480 1158 intelligamus
1505 1126 1518 1146 ‚
1555 1092 1664 1141 curn
1701 1104 1810 1149 omo,

139 1164 273 1223 nino,
298 1184 400 1231 quae
425 1164 510 1215 sub
527 1167 650 1214 coelo
686 1162 809 1224 sunt,
831 1163 970 1212 finito
991 1177 1188 1213 numero
1206 1160 1678 1225 comprehendantur,
1703 1169 1802 1203 non

143 1243 299 1279 tamen
322 1235 350 1286 a
370 1239 537 1298 quauis
557 1245 711 1282 mente
733 1263 747 1282 ,
768 1226 846 1277 sed
864 1235 893 1278 a
913 1230 1094 1279 Diuina
1116 1228 1300 1277 tantum
1324 1261 1338 1283 ,
1374 1244 1476 1289 quae
1502 1226 1666 1274 onmia
1697 1237 1810 1286 pro-

142 1300 324 1345 creauit
352 1331 365 1350 ,
414 1298 598 1362 poss'unt
632 1298 812 1358 singula
849 1296 1116 1345 numerari.
1176 1292 1418 1343 Sufficeret
1452 1306 1609 1341 autem
1644 1304 1813 1340 omnes

142 1377 307 1410 eorum
346 1363 518 1425 species
543 1394 556 1413 ‚
577 1376 662 1410 aut
686 1364 945 1410 formarum
980 1360 1233 1423 peregrina
1265 1359 1536 1407 diuersitate
1557 1391 1571 1416 ,
1590 1371 1674 1406 aut
1705 1371 1813 1420 pat-

139 1428 262 1476 tium
286 1428 635 1477 combinatione
662 1458 676 1479 ,
697 1438 780 1478 aut
798 1428 1016 1475 colorum
1038 1425 1262 1476 varietate
1280 1457 1294 1477 ‚
1332 1425 1451 1472 inter
1471 1422 1514 1471 se
1539 1424 1776 1473 distinctas
1798 1456 1814 1475 ι

140 1497 271 1558 quasi
291 1496 484 1544 militari
525 1494 691 1542 ordine
730 1505 838 1542 ante
861 1497 1029 1542 oculos
1064 1491 1313 1557 dispositas
1336 1492 1615 1556 cognoscere
1636 1508 1650 1545 3
1672 1491 1807 1555 quod

148 1561 254 1610 sane
274 1563 568 1612 obtineretur
593 1595 607 1614 ‚
627 1562 658 1609 si
677 1564 845 1610 oculos
874 1575 1147 1610 conuertere
1171 1559 1241 1608 fas
1265 1562 1370 1608 estet
1390 1561 1439 1608 in
1463 1575 1564 1608 eam
1582 1558 1769 1608 Turrim
1793 1590 1808 1609 ‚

147 1629 173 1676 e*
210 1645 333 1693 qua,
361 1631 605 1693 Calligulae
635 1630 939 1692 Imperatoris
960 1630 1202 1680 mandato,
1225 1629 1345 1676 mira
1382 1627 1686 1676 Concharum
1716 1628 1815 1673 Co-

153 1697 484 1760 chlearumque
506 1696 644 1759 copia
672 1697 908 1760 pendebat
925 1730 938 1750 ‚
976 1712 1027 1744 vt
1048 1696 1098 1745 in
1114 1694 1319 1744 Posteris
1347 1694 1580 1743 memoria
1596 1693 1815 1742 excitare-2

147 1775 224 1812 tur
241 1769 484 1827 ptaeclarae,
502 1762 687 1816 siue2vt
710 1763 865 1811 verius
895 1767 1065 1827 loquar
1082 1796 1097 1820 ‚
1116 1762 1263 1812 stultae
1289 1761 1491 1811 vicioriae
1530 1761 1557 1807 ὃ
1591 1759 1715 1809 mari
1745 1774 1814 1806 re-

144 1833 263 1881 latae,
293 1831 401 1879 cum
421 1844 585 1881 contra
609 1829 764 1895 ipsum
800 1830 925 1880 acies
946 1830 1118 1880 bellico
1138 1829 1477 1894 timpanorum,
1498 1828 1815 1889 tubarumque

155 1895 312 1944 sonitu
338 1898 598 1945 immittens
621 1931 634 1951 ,
663 1914 853 1947 manum
874 1898 1066 1964 implere
1093 1895 1362 1956 Corichilijs
1404 1896 1543 1946 litore
1566 1895 1645 1942 dis
1638 1895 1778 1960 pessis
1794 1927 1809 1943 .

158 1962 397 2014 militibus
432 1964 628 2027 singulis
645 1965 898 2026 imperauit
919 1999 932 2013 0

301 2030 478 2078 Verum
499 2032 575 2076 etfi
596 2029 886 2078 curiosorum
911 2033 1041 2080 oculi
1063 2034 1187 2081 circa
1212 2032 1360 2096 ipsam
1401 2029 1771 2091 defatigarentur
1796 2061 1812 2079 2

149 2094 526 2159 quidprofezfto,
553 2095 634 2142 nisi
660 2096 843 2158 angusti
883 2097 1242 2146 litorisfruc0cus
1278 2097 1638 2161 dignoscerent}
1674 2112 1812 2144 non..-

155 2177 311 2211 autem
334 2164 547 2210 cochleas
588 2162 634 2208 in
655 2160 887 2212 foecundis
926 2165 1034 2211 vasti
1060 2164 1238 2214 Oceani
1261 2164 1452 2212 sinubus
1473 2163 1595 2210 mira
1614 2162 1807 2210 affidna·

154 2245 246 2292 que
269 2230 488 2279 varietate
506 2228 758 2292 produc-ias
777 2262 790 2275 .
850 2234 904 2276 In
927 2231 1155 2294 cupidum
1196 2232 1393 2294 singulas
1418 2230 1696 2279 numerandi
1715 2245 1811 2278 ea.)

154 2297 331 2344 Biantis
359 2297 508 2345 irrisio
545 2295 717 2344 merito
753 2295 971 2348 caderet,
1010 2313 1102 2361 qua
1138 2299 1248 2345 illos
1281 2297 1686 2360 prosequebatur,
1728 2295 1815 2360 qui

149 2364 255 2410 clim
284 2364 434 2411 Pisces
452 2364 500 2410 in
517 2362 717 2426 angusto
735 2363 878 2411 maris
899 2365 999 2412 sinu
1014 2366 1222 2413 uiuentes
1239 2379 1480 2412 numerare
1499 2380 1593 2412 non
1613 2365 1808 2414 valeant,

155 2431 468 2494 multiplicem
489 2430 720 2479 stellarum
743 2432 1009 2480 varietatem
1030 2466 1043 2485 ‚
1065 2446 1262 2496 eamque
1296 2432 1355 2480 ab
1375 2430 1526 2480 oculis
1566 2430 1815 2478 remotiss-

151 2513 277 2544 mam
301 2498 545 2562 inquirunt
567 2530 579 2543 .
633 2502 806 2561 Ingens
835 2498 1053 2562 profec'to
1073 2500 1154 2547 sub
1185 2498 1318 2548 vudis
1355 2497 1816 2547 Animaliumiesta-

155 2580 349 2613 ceorum
391 2580 611 2614 numerus
638 2564 895 2613 delitescit:
926 2572 969 2614 &
988 2582 1044 2615 ne
1070 2567 1244 2615 merito
1266 2566 1487 2622 irridear,>
1504 2566 1718 2613 omnium
1740 2580 1821 2627 ge-

152 2633 413 2681 nerationes
441 2632 707 2696 singillatim
727 2635 890 2681 referre
910 2650 1006 2681 non
1025 2634 1225 2687 audebo,
1249 2634 1407 2682 verum
1429 2633 1610 2696 aliquas
1636 2634 1814 2694 eligens

152 2716 209 2748 ex
231 2700 484 2763 multiplici
518 2700 774 2764 specierum
797 2702 1014 2752 varietate
1037 2736 1051 2756 ‚
1092 2716 1209 2767 quas
1235 2701 1285 2749 in
1306 2700 1532 2751 laudabili
1575 2700 1678 2749 otio
1700 2698 1824 2746 obti-

154 2767 259 2816 nuit
277 2768 530 2820 curiositas,
549 2767 788 2815 ostendam
808 2778 823 2811 ’-
903 2810 905 2812 ,

285 2836 429 2898 Apud
447 2836 696 2894 Λιιᾶοτεε,
721 2834 805 2901 qui
826 2834 883 2884 <ie
909 2834 1137 2891 Testaccis
1170 2835 1474 2899 tractationes
1497 2832 1823 2884 instituerunt,

341 2922 348 2931 ‘
1223 2906 1264 2952 C
1668 2914 1762 2947 non

1232 2952 1251 2964 ⁴
