2144 3218
724 71 1079 190 cLAssxs
1123 115 1230 193 11.·
1282 117 1285 119 ·
1540 115 1669 208 ως·

115 250 324 304 fimuh&
365 247 524 300 furno,
546 245 836 302 velcianco',
879 261 1158 314 terreoque.
1217 246 1496 298 Innumeros
1511 271 1530 301 ‚v
1549 264 1653 313 quae
1684 245 1761 295 hic

115 315 312 366 describi
327 314 520 382 possent,
547 317 868 365 ommittimus
886 315 947 365 eo
969 314 1296 368 difficiliorem,
1330 327 1379 362 vt
1391 313 1761 365 calamo'dcscri-

113 385 300 442 bantur,
321 385 421 449 quo
440 382 732 444 pulchriores
753 384 997 431 coloribus
1036 395 1262 447 apparent
1280 414 1294 429 .
1324 381 1510 447 Aliquae
1547 381 1670 430 enim
1708 394 1763 429 ex

120 454 316 501 Oceano
353 448 650 500 Occidentali
668 450 852 501 delatae,
876 448 948 498 ita
969 449 1221 511 pellucidae
1236 448 1356 502 sunt,
1380 463 1428 497 vt
1446 464 1540 498 non
1558 448 1584 496 ἐ
1609 448 1763 497 Testa-

112 532 193 566 cea
229 516 479 568 substantia
495 515 738 565 videantur
775 517 1052 579 compositae
1073 549 1087 570 ,
1110 516 1186 564 sed
1200 529 1254 562 cx
1273 518 1379 564 velo
1393 517 1505 564 albo
1522 514 1769 579 dupplica-

115 598 170 632 to
195 584 389 646 quidem
424 583 485 641 in}
506 583 715 646 margine
736 594 930 644 propter
966 582 1176 646 aliquam
1200 582 1428 630 maiorem
1451 582 1722 631 densitatem
1753 612 1769 632 ι

115 666 213 714 qua.
234 652 388 716 magis
412 647 651 698 albescunt
667 683 680 698 .
718 651 967 698 Nonnulla:
989 651 1166 698 melino
1189 679 1204 700 ‚
1224 651 1294 696 vel
1317 649 1468 696 citrco
1486 652 1645 697 colore
1678 647 1771 696 cir-

111 721 369 770 cumr-ech,
391 717 640 765 innnmcrae
663 713 788 763 niuis
808 715 1070 764 albedinem
1094 714 1382 781 puriffimam
1403 714 1634 762 referunt.

114 789 204 863 48
277 784 505 835 concha,
528 783 660 830 Leuis
697 781 725 830 a
768 781 1056 831 Rondcletio
1077 785 1311 848 appellata
1333 813 1348 835 ,
1390 781 1497 830 cum
1519 780 1711 829 leuitate
1738 778 1768 829 a

310 849 495 901 caeteris
528 847 746 904 differat.
781 847 1162 912 significabimus
1201 848 1295 897 hoc
1330 850 1518 898 nomine
1545 846 1768 911 generico

118 936 196 971 cas
242 933 428 970 omncs,
447 931 647 981 quarum
684 913 803 962 testae
831 913 1090 963 admodum
1112 916 1219 965 sunt
1250 915 1468 978 expolitae
1487 949 1502 968 ,
1525 921 1571 963 δε
1597 914 1771 962 vnifor-

119 988 260 1037 miter
283 986 475 1034 striatae.
511 981 659 1031 Sicuti
682 981 898 1029 Ostrcum
927 982 1141 1035 conchas
1173 997 1337 1031 omnes
1368 981 1581 1048 asperaS„
1603 988 1647 1030 &
1667 996 1769 1030 cor-

112 1064 303 1116 rugatas
341 1049 536 1100 indicat,
565 1048 772 1097 Cochlca
805 1061 965 1098 autem
1001 1062 1165 1100 caetera
1204 1049 1414 1100 Testacea
1451 1049 1733 1098 turbinata-2
1751 1080 1771 1100 .

113 1119 193 1171 Ab
209 1116 449 1182 aliquibus
485 1113 661 1163 dicitur
683 1119 837 1164 Cama
851 1115 990 1168 leuis,
1009 1116 1142 1179 quod
1159 1131 1332 1165 nomen
1352 1116 1510 1180 aptius
1543 1115 1652 1175 alijs
1692 1130 1774 1178 ap-

110 1199 256 1238 tatur,
287 1196 336 1232 vt
355 1179 552 1231 inferius
568 1182 751 1244 patebit
769 1213 784 1230 .
826 1184 955 1231 Huic
972 1185 1103 1231 color
1121 1183 1183 1232 est
1217 1183 1426 1232 cinereus
1445 1183 1569 1232 circa
1591 1198 1772 1232 oram-2

114 1251 346 1300 rufescens
371 1282 384 1300 ,
408 1260 535 1294 extra
565 1248 697 1311 rugis
725 1245 962 1311 asperatur
984 1282 998 1297 .
1035 1248 1189 1313 figura
1211 1249 1574 1315 quodammodo
1611 1250 1776 1298 rhom-

114 1317 257 1366 boide
279 1349 293 1365 .
331 1313 432 1379 Ipse
452 1314 595 1364 vmbo
629 1313 827 1377 exiguus
865 1314 1127 1380 acutusque
1144 1316 1240 1370 est,
1274 1317 1493 1381 proxime
1536 1320 1645 1366 vero
1686 1315 1773 1364 sub

110 1383 316 1432 vmbone
346 1380 489 1430 cardo
502 1380 685 1429 constat
706 1395 760 1429 ex
782 1381 974 1434 duobus
995 1383 1179 1445 exiguis
1200 1384 1460 1436 finubus,&
1479 1383 1732 1433 totidem.»
1749 1414 1771 1442 ,

109 1465 194 1500 aut
216 1446 356 1496 trinis
375 1445 622 1494 denticulis
642 1478 655 1491 .

108 1538 203 1604 49
272 1510 471 1561 Concha
492 1514 639 1558 relata
658 1512 684 1556 a
705 1510 911 1561 Martino
931 1511 1090 1561 Lister:
1111 1513 1271 1564 cordis
1290 1512 1490 1577 figuram
1509 1516 1773 1580 aliquantu-g

297 1581 396 1628 lum
418 1575 610 1640 depreffi
629 1575 766 1625 refert
781 1580 941 1626 colore
965 1578 1133 1644 gipseo
1160 1581 1431 1631 flauescente
1464 1617 1478 1631 .

113 1669 204 1729 50
276 1644 476 1694 Concha
495 1644 676 1693 Tellina
692 1644 837 1693 etiam
859 1644 983 1694 dista
1007 1678 1022 1698 ,
1042 1647 1116 1694 sed
1143 1663 1235 1696 non
1256 1681 1270 1702 ,
1313 1662 1363 1696 vr
1388 1663 1574 1699 caetcrae
1593 1647 1639 1694 in
1669 1649 1770 1695 lon-

208 1775 216 1782 ·
301 1727 414 1775 gum
434 1711 664 1773 produlia
688 1746 700 1759 .
741 1711 1034 1766 Extrinsecus
1067 1714 1258 1766 albescit
1278 1730 1383 1766 cum
1413 1716 1606 1781 quidam
1627 1713 1767 1762 rubo*

114 1788 162 1821 re
199 1777 475 1826 intrinsecus
495 1781 652 1826 colore
677 1777 788 1826 albo
806 1812 820 1826 .

116 1860 158 1918 5
177 1864 197 1904 1
299 1844 504 1892 Conchae
527 1846 654 1906 quafi
671 1846 844 1893 similes
864 1843 1018 1895 forma
1043 1847 1499 1902 exteriori‚1'nteriori
1518 1848 1627 1896 vcro
1646 1843 1770 1893 diffi-

297 1909 430 1957 milcs
446 1923 639 1972 propter
654 1910 819 1962 dentes
833 1944 850 1969 ‚
869 1918 914 1959 ἃ·
939 1915 1264 1965 commissuras
1283 1950 1297 1966 .
1340 1920 1493 1968 Color
1515 1915 1763 1964 ambarum

113 1952 197 2010 5²
293 1974 512 2025 subalbus
533 2006 550 2032 ‚
573 1975 683 2024 &in
713 1990 845 2040 parte
865 1979 1065 2040 gibbosa
1097 1982 1285 2032 vinosus
1330 1984 1465 2031 zonis
1506 1980 1658 2031 beluis
1701 1977 1771 2028 ξω

112 2050 282 2099 {cintus
299 2075 316 2091 .

120 2140 191 2201 53
270 2111 468 2160 Concha
492 2105 520 2155 a
545 2111 700 2156 colore
723 2106 905 2167 corallij
918 2141 932 2161 ‚
956 2125 1056 2173 quo
1077 2124 1262 2160 externa
1301 2111 1443 2161 facies
1467 2110 1645 2174 aspersa
1664 2112 1771 2162 illu-

301 2174 709 2226 stratur-corallina
728 2175 886 2227 dictast
917 2176 1095 2226 interna
1123 2191 1276 2227 autem
1296 2180 1403 2229 alba
1424 2179 1502 2231 est,
1527 2184 1571 2225 ὰ
1597 2178 1736 2226 leuis.

112 2274 204 2336 54
277 2244 470 2293 Concha
488 2240 516 2290 a
536 2241 823 2298 Rondcletio
841 2255 1010 2305 rugata
1034 2244 1157 2294 dicta
1180 2246 1208 2295 εὶ
1230 2246 1360 2310 tugis
1379 2278 1395 2304 ,
1433 2245 1608 2311 quibus
1628 2245 1768 2295 facicss

303 2326 490 2360 externa
512 2307 739 2371 crispatur
755 2345 768 2360 .
807 2312 981 2358 Colore
1002 2323 1147 2361 terreo
1172 2343 1187 2360 .
1666 2347 1670 2350 -

118 2406 144 2466 5
266 2380 376 2430 Alia
397 2375 592 2427 Concha
614 2388 795 2438 rugata,
817 2375 944 2424 intus
971 2377 1104 2430 leuis,
1128 2392 1180 2426 cx
1195 2390 1328 2442 parte
1351 2378 1462 2427 vcro
1482 2379 1630 2443 gibba
1653 2393 1664 2421 τ
1686 2377 1772 2425 ali-

301 2462 402 2510 quae
447 2457 579 2505 rugae
604 2442 892 2490 transuerfim
916 2442 1150 2493 ducuntur
1173 2477 1187 2497 ,
1220 2443 1296 2493 scd
1321 2445 1480 2494 minus
1525 2445 1732 2511 crispatae
1757 2461 1771 2488 ς

111 2536 164 2569 ex
192 2515 336 2562 altera
353 2525 483 2576 parte
502 2509 563 2556 ab
586 2508 793 2559 vmbone
825 2509 886 2558 ad
905 2513 1074 2559 teclam
1097 2512 1268 2561 lineam
1292 2512 1524 2577 procedit,
1558 2529 1611 2560 cx
1629 2516 1773 2561 altera

106 2579 300 2638 aduersa
329 2577 582 2629 rotundior
601 2577 662 2625 est
685 2592 828 2641 quaxn
849 2574 1062 2640 superior
1083 2613 1095 2625 0

117 2662 198 2740 55
271 2652 418 2696 Cama
436 2657 631 2693 vocatur
658 2644 853 2693 Concha
891 2645 986 2693 haec
1009 2680 1019 2692 .
1075 2645 1284 2696 Nomine
1315 2658 1481 2709 ¹autem
1504 2648 1660 2694 Camae
1686 2641 1771 2690 ali·

299 2714 384 2778 qui
405 2711 652 2775 significari
672 2726 842 2775 putant
861 2726 935 2762 cas
956 2728 1121 2762 omncs
1148 2744 1160 2764 ‚
1198 2726 1403 2776 quorum
1430 2712 1550 2761 testae
1589 2711 1771 2760 valde...

102 2785 299 2834 subtiles
321 2816 334 2836 ‚
373 2780 590 2843 adeoque
630 2779 952 2841 minus-quam
981 2794 1155 2828 caeterae
1175 2778 1438 2841 ponderant
1458 2813 1471 2826 .
1507 2780 1772 2828 Aldrouan-

101 2852 188 2906 dus
217 2851 327 2905 γςῑό
356 2862 427 2897 eas
453 2845 674 2912 intelligit
696 2880 707 2900 ‚
739 2861 937 2912 quarum
973 2863 1064 2897 ora·
1091 2860 1187 2893 non
1223 2846 1429 2912 perfecte
1467 2847 1640 2918 vbiquc
1661 2858 1772 2889 con-

1149 2915 1200 2970 Ο
1601 2924 1708 2958 inn-
