2144 3218
491 55 585 122 65
615 65 635 81 ’
920 56 1147 128 PARS
1200 14 1501 134 PRIMA

397 184 539 233 viridi
559 186 619 232 est
641 184 838 248 propior
864 184 1115 249 degeneret
1137 204 1148 232 ε
1174 184 1317 234 salina
1336 188 1443 239 vero
1467 195 1667 250 corpora
1685 189 1699 244 ζ
1716 206 1823 241 cum
1840 189 2062 239 exhibent

399 252 590 300 luminis
609 251 916 300 illustratione
934 255 1146 301 colorem
1166 283 1179 302 ‚
1200 265 1342 315 quem
1378 253 1636 303 adustionis
1668 257 2054 308 incrementum-2

399 318 551 366 secum
584 333 745 382 portat
761 352 773 371 ‚
813 333 956 383 atque
977 320 1068 366 hoc
1106 316 1245 380 ‘pasto
1284 319 1637 370 intensiffimum
1675 325 1915 374 rubedinis
1954 339 2060 389 gra·

398 385 531 437 dum,
558 384 675 434 idest
695 387 916 434 minium,
940 384 1131 433 tandem
1178 383 1472 438 intensissima
1496 388 1665 436 caloris
1701 391 1769 438 vis
1786 392 2019 454 producet
2044 406 2057 442 ;

398 450 425 499 a
444 468 543 515 quo
563 453 710 516 gradu
746 455 775 500 fi
807 453 931 515 ignis
958 452 1302 506 vehementius,
1334 460 1378 501 δε
1399 454 1714 504 vehementius
1752 456 2020 507 intendatur
2042 491 2053 509 ²

399 519 577 566 videbis
616 519 750 582 quod
780 520 846 566 vti
869 534 952 583 per
985 518 1272 581 luminosum
1307 525 1524 571 colorum
1546 523 1720 587 gradus
1748 522 1795 571 in
1815 523 2051 572 rubrum-2

398 588 621 643 excreuit,
642 586 710 635 ita
726 588 817 634 hoc
842 603 925 650 per
942 586 1268 636 vmbrosorum
1304 593 1521 638 colorum
1541 590 1714 654 gradus
1744 624 1756 643 ‚
1781 591 1897 639 idest
1917 593 2054 655 puni-

396 667 548 706 ceum,
569 654 829 706 caeruleum,
849 655 1086 702 cinereum
1104 654 1329 717 paulatim
1349 656 1514 705 ordine
1548 657 1758 706 deflectet
1774 693 1801 714 ‚,
1822 657 1967 705 donec
1999 657 2048 704 in

397 722 519 784 nigri
538 722 711 770 coloris
730 720 945 774 scoriam,
966 721 1077 769 albo
1111 725 1378 786 oppositam
1396 759 1407 778 ,
1426 726 1520 772 iam
1554 726 1777 774 omnibus
1806 722 2056 790 spiritibus

396 786 811 843 dissolutis,instar
825 790 1083 839 carbonum
1101 789 1352 853 degenerat
1374 828 1386 842 .
1425 800 1583 855 Atque
1615 809 1666 840 ex
1703 792 1825 841 hisce
1845 795 2058 840 luculen-

395 867 466 902 ter
484 869 629 919 patet‚
652 857 906 921 quomodo
924 859 1106 905 colores
1125 859 1295 910 caloris
1333 859 1378 905 vi
1404 858 1451 905 in
1486 860 1791 910 mineralibus
1821 857 2053 923 paulatim

395 936 452 971 ex
470 939 561 973 vno
592 924 641 972 in
677 928 875 975 alterum
893 923 1127 991 gradatim
1144 925 1273 979 iuxta
1311 926 1524 975 ordinem
1561 928 1785 978 naturalis
1811 925 2010 976 misturae
2030 958 2043 978 ‚

397 991 768 1043 transmutentur
792 1027 807 1040 .

528 1061 797 1128 Qomodo
812 1073 969 1111 autem
1001 1059 1142 1110 salina
1158 1061 1435 1124 corpuscula
1475 1061 1516 1108 se
1535 1075 1707 1111 mutuo
1729 1060 1982 1111 destruant,
2007 1062 2052 1105 &

393 1126 678 1177 instaurent,
720 1130 813 1177 hoc
836 1141 967 1191 patet
1003 1127 1328 1192 experimento
1348 1167 1360 1179 .
1418 1130 1461 1177 Si
1499 1133 1729 1192 gallarum
1755 1129 1803 1176 in
1836 1143 2054 1191 aquam-2

392 1195 639 1259 limpidam
657 1193 962 1244 resolutarum
980 1193 1200 1244 infusioni
1221 1196 1462 1244 vitriolum
1481 1196 1754 1245 admisceas,
1776 1210 1828 1241 ea
1850 1194 2052 1241 statim-2

393 1263 444 1312 in
478 1276 793 1312 atramentum
812 1262 1117 1326 degenerabit
1138 1295 1151 1315 ‚
1174 1261 1307 1326 quod
1322 1262 1446 1311 certe?
1466 1263 1689 1325 prouenit
1726 1277 1780 1309 ex
1797 1259 2046 1308 combusto

390 1328 610 1396 sulphure
630 1363 642 1382 ‚
661 1347 763 1393 quo
781 1334 920 1380 Galla
940 1330 1121 1377 constat
1137 1345 1269 1391 aquae
1291 1328 1647 1378 communicato
1667 1363 1678 1376 .
1718 1330 1765 1376 Si
1790 1327 1900 1375 vero
1935 1324 2046 1374 huic

388 1410 652 1448 atramento
677 1412 850 1461 aquam
886 1396 1086 1460 stygiam
1120 1393 1479 1458 superasfuderis
1505 1426 1517 1446 ‚
1559 1409 1659 1442 ecce
1688 1396 1880 1457 (mirum
1899 1394 2051 1453 dictu)

389 1481 515 1529 aqua
531 1466 842 1513 atramentosa
880 1478 992 1511 mox
1019 1461 1219 1526 pristinae
1249 1463 1453 1512 claritati
1485 1461 1755 1511 restituetur
1781 1494 1792 1514 ‚
1833 1462 1891 1509 εό
1920 1457 2057 1524 quod

391 1548 517 1596 aqua
549 1532 697 1596 stygia
736 1530 1012 1594 corpuscula
1043 1532 1272 1593 gallarum
1308 1529 1385 1579 sua
1418 1529 1680 1577 acrimonia
1716 1529 1905 1593 prorsus
1944 1542 2059 1575 con-

392 1601 542 1649 sumet
561 1632 573 1645 .
610 1599 656 1646 Si
676 1601 785 1648 vero
813 1597 968 1646 rursus
1002 1596 1111 1646 huic
1129 1611 1257 1660 aquae
1289 1596 1450 1646 iamin
1470 1595 1709 1660 pristinam
1748 1599 2055 1650 claritatem-a

393 1668 588 1717 reduetae
612 1670 770 1716 oleum
792 1663 954 1714 tartari
976 1662 1194 1714 affuderis
1228 1664 1383 1713 statim
1435 1664 1482 1710 in
1521 1676 1836 1710 atramentum
1874 1669 2061 1722 reduce..

391 1751 485 1787 tur,
502 1735 616 1798 quia
647 1737 805 1782 oleum
821 1731 986 1780 tartari
1001 1747 1097 1780 non
1119 1730 1370 1778 absimilem
1391 1733 1517 1793 gallae
1545 1728 1795 1778 tincturam
1816 1736 2044 1788 continet,

392 1802 532 1854 Vnde*
551 1803 800 1866 pulchrum
819 1814 1039 1847 arcanum
1062 1810 1220 1860 patet3
1278 1797 1323 1845 Si
1346 1797 1472 1845 enim
1511 1796 1558 1843 in
1581 1808 1709 1844 carta
1746 1800 1947 1851 candida
1990 1806 2059 1854 vi-

393 1870 526 1918 trioli
559 1882 684 1931 aqua
719 1864 901 1928 aliquid
945 1863 1226 1927 inscripseris
1263 1865 1514 1913 carasteres
1537 1862 1692 1910 ficcati
1725 1865 1914 1927 prorsus
1953 1888 2061 1922 eua-

394 1936 595 1986 nescent‚
613 1950 668 1983 ac
686 1950 799 1982 mox
820 1933 852 1982 si
875 1946 1051 1981 cartam
1070 1934 1301 1995 gallarum
1321 1930 1544 1980 infusioni
1564 1931 1841 1981 immerseris
1860 1968 1874 1988 ‚
1899 1938 2058 2003 niger..
2137 1938 2139 1941 '

397 2007 522 2053 rimo
537 2005 697 2050 colore
715 2001 906 2048 imbutae
925 1998 1216 2062 apparebunt
1235 2031 1248 2044 .
1285 2005 1417 2057 Quas
1441 2000 1469 2047 fi
1496 1996 1653 2046 denuo
1669 1998 1842 2050 deletas
1873 2007 2053 2068 cupias,

399 2075 450 2124 id
473 2070 638 2135 spiritu
669 2067 853 2116 vitrioli
873 2080 989 2121 ‚aut
1003 2079 1125 2130 aqua
1160 2063 1313 2129 stygia
1336 2065 1569 2130 praestabis
1594 2097 1605 2110 .
1645 2064 1751 2112 Pari
1783 2069 1930 2118 modo
1969 2073 2060 2120 tiu-

401 2143 532 2189 &ura
549 2138 776 2185 violarum
815 2138 1025 2186 caerulea,
1056 2136 1163 2180 oleo
1183 2133 1362 2181 vitrioli
1385 2130 1550 2182 suffusa
1572 2135 1889 2194 purpurascit,
1917 2139 1993 2189 cui
2022 2142 2054 2189 fi

401 2220 564 2271 guttas
586 2204 766 2268 aliquas
795 2198 989 2268 spiritus
1023 2198 1154 2250 corni
1192 2202 1319 2250 cerui
1339 2198 1588 2254 affuderis,
1643 2203 1776 2264 §olor
1789 2218 2055 2268 purpureus

402 2277 453 2323 in
471 2271 666 2320 viridem
683 2268 912 2320 continuo
933 2269 1134 2318 vertitur
1158 2299 1172 2312 .

535 2345 652 2405 Qae
676 2336 837 2386 omnia
868 2335 1132 2402 dependent
1148 2333 1175 2382 a
1194 2334 1317 2383 varia
1331 2333 1646 2387 differentium
1667 2350 1925 2398 corporum
1943 2352 2061 2386 con-

403 2406 667 2458 stitutione,
683 2422 784 2470 quae
802 2420 909 2454 cum
929 2403 1083 2463 varijs‚
1100 2407 1143 2449 ἅτ
1167 2401 1489 2453 differentibus
1510 2403 1681 2454 salibus
1702 2404 1833 2451 varie}
1863 2406 2050 2468 tingen-

403 2474 532 2522 tibus
570 2487 791 2538 turgeant
817 2506 829 2527 ,
859 2473 928 2524 ita
978 2483 1167 2537 quoque
1206 2470 1355 2520 varias
1381 2474 1596 2522 colorum
1640 2470 2054 2526 transmutationes

404 2540 666 2592 admittunt
689 2576 702 2590 .

1859 2872 2003 2923 CAP.
