2144 3218
740 91 935 179 CAR.
982 93 1013 163 1
1035 95 1136 163 X.·
1544 97 1641 175 3⁴1¹„

79 243 324 306 &Afiniana
336 238 467 296 ‘vari-a
481 241 589 291 sunt
607 271 620 292 ,
639 248 846 303 quorum
864 246 1067 299 corpora
1097 231 1202 281 sunt
1223 233 1350 284 varia
1371 232 1385 287 ’,
1425 235 1494 283 ita
1510 246 1560 282 vt
1578 233 1741 281 secum

81 304 199 374 dum
219 300 362 368 svnam
400 307 582 376 partem
604 306 691 355 fint
728 306 862 353 vnius
881 301 1055 351 coloris
1079 333 1091 352 ,
1117 298 1371 349 secundum
1391 302 1534 350 aliam
1559 300 1647 348 {int
1668 301 1738 347 al-

83 368 232 436 terius
254 380 455 431 coloris.
515 377 694 426 Rursus
735 370 972 421 Animalia
1005 368 1129 416 varia
1163 366 1532 417 subdiuiduntur
1549 368 1598 414 in
1617 366 1739 415 duas

88 452 260 502 Class‘es
286 484 297 495 .
352 454 405 495 In
427 443 580 510 prima
603 439 748 491 Claffe
781 437 1083 486 continentur
1113 467 1126 487 ‚
1149 452 1250 498 quae
1271 434 1378 483 sunt
1417 435 1546 483 vatia
1578 433 1739 482 secun-

85 520 204 568 dum
242 530 397 565 totum
416 526 580 577 genus,
603 510 731 556 itaut
745 503 914 553 omnia
944 500 1198 550 indiuidua
1220 501 1402 566 generis
1418 535 1432 554 ,
1467 513 1551 551 aut
1571 498 1741 564 speciei

86 587 176 637 fint
200 587 355 632 varia.
413 575 683 628 Insecunda
718 567 866 620 Class'e
897 569 1197 617 continentur
1220 585 1272 617 ea
1293 602 1305 621 ,
1351 585 1463 633 quae
1498 583 1594 616 non
1634 565 1740 617 sune

88 651 221 701 varia
240 665 293 696 ex
310 661 416 696 toto
440 644 642 708 geiiere{‚
662 639 736 689 sed
764 637 913 686 solum
949 635 1200 684 secundum
1240 636 1403 698 aliqua
1421 633 1743 696 indiuidua-25.

91 724 206 767 Haec
228 720 328 779 lege
364 712 483 762 adeo
503 706 791 759 immutabili
827 705 1130 760 colorantur,
1163 713 1211 747 vt
1228 701 1516 764 aliquando,
1552 704 1621 748 vel
1655 700 1747 748 cir-

89 780 373 834 cumstantia
389 778 502 829 loci,
520 780 589 825 vel
608 770 836 839 temporis
868 768 1084 822 ‚velcibi
1107 800 1121 821 ,
1159 766 1396 817 diuersum
1422 770 1631 817 colorem
1670 767 1745 812 in-

88 852 232 901 duere
251 863 344 896 non
387 844 558 911 poffint
579 879 591 892 .
646 838 970 908 Qmobrem
990 851 1098 885 cum
1132 835 1308 885 eodem
1331 832 1624 898 philosopho
1663 848 1752 880 no-

90 919 290 966 tandum
322 915 384 961 est
410 911 701 977 frequentius
723 909 908 959 colores
929 903 1099 951 variari
1135 902 1184 949 in
1202 901 1519 953 Animalibus,
1541 915 1749 965 quorum

90 984 268 1047 species
305 981 518 1028 continet
545 979 704 1042 aliqua
724 972 977 1024 indiuidua
1001 972 1134 1018 vnius
1165 969 1361 1029 coloris,
1384 976 1429 1017 &
1452 968 1611 1032 aliqua
1637 970 1751 1016 alte-

91 1051 193 1099 rius
209 1046 418 1103 coloris,
442 1046 589 1110 quam
609 1045 658 1092 in
682 1039 977 1093 Animalibus
996 1037 1319 1086 vnicoloribus
1339 1069 1354 1093 ,
1398 1039 1487 1085 hoc
1509 1036 1570 1083 est
1593 1032 1754 1099 quoad

95 1116 299 1179 speciem
334 1112 657 1161 determinatis
698 1110 851 1159 adhoc
875 1139 888 1159 ‚
915 1119 962 1154 vt
981 1101 1233 1154 secundum
1261 1102 1422 1152 omnia
1462 1102 1756 1151 indiuidua-³

97 1183 206 1232 sunt
222 1181 358 1229 vnius
396 1180 581 1228 tantum
614 1178 825 1227 coloris,
866 1189 920 1220 ex
939 1187 992 1219 ea
1026 1170 1316 1235 potiffimum
1340 1171 1523 1219 ratione
1544 1203 1557 1222 ‚
1602 1170 1758 1242 quia-7·

95 1265 207 1298 cum
229 1247 401 1312 species
425 1248 485 1295 est
524 1244 790 1292 Indifferens
812 1239 870 1290 ad
890 1244 1046 1304 plures
1091 1241 1274 1287 colores
1299 1270 1312 1290 ,
1336 1240 1478 1287 etiam
1516 1237 1614 1291 eius
1638 1236 1759 1284 indi-

100 1316 248 1364 uidua
269 1311 456 1376 possunt
494 1309 577 1358 effe
605 1308 916 1359 indifferentia
939 1341 953 1364 ‚
977 1304 1191 1370 adeoque
1210 1321 1264 1353 ex
1278 1321 1368 1353 vno
1391 1309 1548 1355 colore
1570 1302 1758 1370 poss'unt

101 1382 293 1430 transire
317 1380 376 1426 ad
399 1382 541 1427 alium
566 1409 579 1427 2
601 1380 686 1441 qui
708 1393 799 1424 non
815 1386 1045 1435 repugnat
1066 1373 1236 1430 speciei
1259 1407 1272 1425 ‚
1296 1375 1373 1423 ‚fic
1405 1390 1458 1420 ex
1481 1374 1599 1422 albis
1645 1373 1765 1420 fiunt

97 1448 253 1509 nigra,
269 1446 342 1497 vel
373 1458 429 1489 ex
451 1442 597 1504 nigris
633 1445 755 1493 alba,
782 1446 824 1486 <Sc
849 1456 902 1485 ex
928 1438 1044 1486 albis
1068 1438 1240 1499 partim
1271 1438 1406 1500 nigra
1430 1440 1605 1502 partim
1621 1439 1726 1487 alba
1747 1471 1760 1483 .

106 1517 179 1563 Ex
213 1510 431 1574 oppofita
465 1508 647 1556 ratione
678 1505 913 1558 Animalia
937 1503 1203 1554 Vnicolora
1223 1505 1537 1555 determinata
1558 1504 1616 1555 ad
1640 1506 1729 1553 hoc
1750 1538 1764 1558 ‚

102 1593 161 1627 vt
178 1578 433 1626 secundum
453 1573 614 1624 omnia
661 1572 911 1624 indiuidua
935 1571 1103 1637 speciei
1126 1571 1209 1621 lint
1230 1575 1364 1623 vnius
1381 1573 1557 1624 coloris
1577 1608 1590 1628 ‚
1628 1589 1766 1623 non.»

107 1644 301 1712 possunt
346 1658 529 1692 mutare
551 1647 777 1695 colorem,
806 1640 891 1690 nisi
910 1641 1015 1689 raro
1033 1656 1087 1687 ex
1102 1640 1263 1707 aliquo
1280 1644 1453 1692 morbo
1472 1676 1485 1696 ‚
1504 1645 1572 1689 Vel
1597 1657 1650 1690 ex
1684 1641 1768 1690 ali*

112 1728 209 1778 qua
229 1709 595 1760 extraordinaria
633 1710 852 1778 portione
880 1741 891 1760 ‚
935 1707 1150 1771 adeoque
1187 1707 1282 1758 visa
1303 1708 1366 1757 est
1405 1709 1575 1759 Perdix
1615 1710 1770 1760 alba.)

103 1780 230 1842 ⁴Vrsa
250 1780 357 1828 alba
379 1811 392 1835 ‚
410 1783 589 1837 Ceruus
622 1781 763 1827 etiam
788 1811 801 1830 ,
829 1782 872 1824 ἃ
897 1773 1043 1825 Passer
1067 1774 1162 1826 albi
1189 1807 1202 1829 ,
1225 1786 1267 1827 &
1288 1780 1532 1828 Florentiae
1556 1781 1769 1828 Leucoae-

104 1847 279 1911 thyops
304 1843 596 1903 Sereniffimo
625 1844 821 1896 Etruriae
847 1844 974 1892 Duci
996 1843 1024 1890 ἐι
1050 1844 1282 1894 Genuenfi
1318 1850 1491 1896 Senatu
1517 1845 1728 1896 donatus
1746 1877 1762 1891 .

241 1913 428 1976 Qbus
450 1913 629 1975 politis,
655 1912 908 1962 dicendum
933 1911 1012 1964 est,
1034 1917 1218 1961 colores
1238 1946 1254 1972 ‚
1283 1911 1459 1976 quibus
1479 1913 1773 1977 Conchylio-

115 1999 223 2033 rum
246 1982 366 2027 testa:
401 1977 575 2040 semper
600 1981 875 2042 pinguntur,
897 1979 1017 2029 itaut
1037 1994 1119 2028 nec
1144 1993 1310 2030 eorum
1328 1980 1437 2031 {itus
1476 1980 1628 2042 neque
1650 1981 1772 2044 figu-

113 2065 168 2098 ra
188 2045 409 2098 varietur,
423 2044 551 2107 exigi
572 2047 630 2094 ab
651 2046 814 2108 aliquo
832 2045 1075 2108 Principio
1097 2047 1352 2096 intrinseco
1370 2082 1387 2106 ,
1409 2047 1579 2112 eosque
1598 2047 1775 2112 produ-

113 2128 276 2166 cente3
308 2111 444 2161 ficuti
478 2114 795 2164 lux,&calor
828 2115 856 2159 a
893 2112 998 2160 Sole
1035 2112 1348 2176 producitur:
1391 2131 1488 2163 non
1521 2118 1629 2164 vero
1671 2115 1776 2162 fieri

113 2197 241 2232 mera
262 2179 546 2243 qualitatum
586 2180 956 2232 combinatione,
980 2182 1008 2227 a
1027 2196 1126 2242 qua
1144 2184 1326 2247 quidam
1352 2183 1572 2242 Nasutuli
1594 2216 1607 2236 ,
1646 2196 1694 2230 vt
1710 2182 1779 2229 ait

112 2249 307 2300 Boetius
324 2248 370 2293 in
398 2246 539 2294 Libro
563 2247 617 2295 de
641 2248 858 2298 Geminis
882 2281 895 2300 ‚
937 2253 1125 2298 omnium
1152 2264 1301 2297 rerum
1335 2250 1486 2310 causas
1514 2263 1738 2298 venantur
1763 2279 1778 2304 ,

108 2323 154 2365 0&
190 2332 298 2364 cum
320 2313 723 2380 immediatasgh,&
746 2330 872 2368 veras
912 2312 1106 2363 scrutari
1149 2314 1351 2367 nesciant
1373 2348 1385 2367 ,
1418 2316 1648 2379 genericis
1670 2314 1783 2378 qui-v

110 2382 308 2432 busdam
344 2382 539 2431 vocibus
559 2416 571 2436 ‚
600 2390 645 2431 δε
667 2398 714 2431 vt
755 2380 1010 2447 plurimum
1038 2380 1177 2436 falfis,
1196 2379 1297 2430 suas
1324 2381 1572 2431 sententias
1600 2382 1780 2432 fucatas

114 2449 364 2514 proferunt
382 2482 394 2502 ,
414 2448 471 2497 ne
492 2451 688 2500 tacendo
711 2451 1008 2514 ignotantiae.
1024 2450 1225 2498 dedecus
1244 2449 1438 2512 patefiat
1460 2485 1473 2497 .
1510 2450 1778 2517 Qalirates

113 2532 236 2565 caeco
254 2531 400 2579 agunt
439 2517 605 2570 modo,
626 2534 708 2566 nec
727 2532 873 2566 artem
898 2516 1155 2582 pomam,
1182 2532 1278 2580 qua
1296 2515 1567 2567 constanter
1587 2551 1599 2571 ,
1631 2522 1673 2566 &
1705 2533 1779 2567 eaae

114 2584 221 2632 dem
240 2581 414 2646 semper
436 2599 678 2634 emanante
701 2585 906 2633 influxus
948 2584 1168 2647 periodo,
1194 2586 1377 2632 colores
1401 2585 1783 2650 disponant‚ita.³

118 2664 168 2698 vt
184 2648 293 2697 rosae
322 2683 335 2702 ‚
356 2650 516 2699 circuli
537 2685 551 2708 ,
575 2651 797 2701 tess'ellulae
818 2685 829 2704 ,
868 2649 1182 2716 sexcentaeque
1207 2652 1312 2701 aliae
1335 2658 1527 2704 maculae
1552 2651 1785 2716 represen-

117 2730 276 2766 tentur
299 2749 311 2769 ,
330 2733 423 2767 non
439 2718 642 2769 fortuita
661 2719 1023 2784 pennicillorum
1044 2718 1417 2774 combinatione,
1434 2721 1511 2770 sed
1529 2720 1781 2769 studiosa„-

116 2783 304 2850 peritia,
327 2800 424 2847 qua
438 2788 765 2835 multicolores
802 2785 1060 2834 redduntur
1085 2787 1263 2835 Auium
1281 2791 1459 2853 plumae
1478 2823 1493 2842 ,
1515 2787 1684 2838 viridia
1709 2802 1781 2837 ar-

112 2855 282 2903 borum
300 2851 432 2903 folia²
450 2859 492 2902 &
507 2853 698 2904 candidi
724 2856 902 2919 calyces
927 2852 1173 2905 Liliorum.

1616 2928 1720 2976 Nec
