2144 3218
427 93 477 153 4
899 51 1386 132 PRAEFATIO

329 192 566 230 temonem
612 173 733 237 regit
751 205 763 225 ‚
790 176 834 220 &
852 177 950 222 vela
970 173 1135 237 pandit
1158 205 1170 224 ‚
1210 184 1352 233 atque
1374 174 1488 222 alter
1530 175 1735 227 scientiae
1761 209 1773 230 ,
1802 181 1989 228 altera-,2

329 244 626 311 experientia:
644 239 914 302 magisterio
954 241 1171 287 edocetur
1190 272 1201 284 .
1254 235 1385 282 Idem
1410 237 1558 288 seruet
1591 240 1761 290 necess'e
1779 244 1840 292 est
1858 278 1871 297 ,
1893 245 1979 307 qui
2044 264 2047 267 ·

328 314 387 362 de
412 317 609 363 Naturae
626 306 850 370 operibus
867 301 1193 373 philosophari
1205 313 1361 353 amam
1383 306 1558 368 quippe
1571 307 1626 353 ,in
1645 307 1702 368 ijs
1720 308 1980 373 disciplinis

329 397 431 443 quae
453 375 588 440 plane
609 373 1014 435 contemplatriccs
1039 370 1270 418 sunt,11cet
1290 367 1481 428 quidem
1500 372 1582 418 efl'e
1601 375 1976 425 caeco‚reuocatis

333 447 393 493 ad
410 444 577 490 intima
595 439 766 487 mentis
801 440 1050 499 penetralia
1073 446 1224 482 rerum
1250 432 1538 495 imaginibus
1561 469 1574 488 ,
1592 437 1724 501 quod
1745 453 1792 486 vt
1810 442 1975 489 melius

333 510 722 572 consequerentur
740 536 752 554 ‚
774 518 870 550 non
895 502 1146 550 defuerunt
1186 499 1463 563 Philosophi
1486 535 1499 553 ‚
1520 504 1604 566 qui
1639 503 1833 554 barbara
1869 521 1984 568 qua.

338 577 447 626 darn
469 572 762 624 humanitate
779 571 943 620 oculos
978 566 1059 615 fibi
1092 579 1308 616 eruerunt
1327 598 1341 618 ‚
1383 567 1539 616 verum
1563 570 1611 616 in
1634 571 1988 635 Philosophia-a

336 639 538 691 naturali
556 638 664 686 illos
681 635 847 684 habere
863 652 950 686 nos
989 634 1130 683 duces
1171 645 1365 695 oportet
1388 665 1400 685 ‚
1425 650 1478 681 ac
1495 636 1827 688 monstratores
1848 672 1860 692 ‚
1901 637 1985 686 nisi

334 706 590 757 identidem
614 705 845 751 incurrere
865 703 912 749 in
934 699 1212 749 offendicula
1235 700 1427 749 velimus
1448 735 1459 746 .
1494 703 1620 750 Hinc
1635 701 1863 767 sapienter
1881 721 1985 758 mo·

334 789 412 823 net
432 776 635 822 Galenus
656 786 666 814 ε
692 770 994 835 Quumque
1013 767 1119 815 vult
1141 780 1320 830 operum
1346 771 1533 817 Natum
1554 770 1632 831 effe
1650 773 1986 836 contemplator,

335 853 502 921 oportet
514 853 613 886 eum
632 837 809 885 credere
827 835 1016 898 propriis
1033 833 1170 881 oculis
1189 869 1201 886 .
1238 836 1540 898 Qapropter
1578 836 1834 884 curandum
1854 837 1985 885 sedu-

333 906 479 958 loest,
522 917 570 951 vt
588 914 713 950 certa
727 915 882 949 rerum
904 900 1218 962 experimenta
1249 910 1403 949 teneas
1423 933 1435 952 ‚
1460 914 1507 948 vt
1530 917 1584 950 ne
1602 917 1754 950 errore
1773 901 1942 952 labaris
1968 927 1983 955 ·,

335 990 436 1039 quo
453 970 596 1020 etiam
615 983 690 1016 me
706 965 963 1031 aliquando
979 980 1103 1014 mare
1121 965 1312 1028 decepit
1336 999 1350 1019 ,
1367 982 1475 1016 cum
1506 967 1688 1032 scopuli
1723 983 1985 1019 cacumen..-

336 1040 602 1089 arbitrarer,
617 1033 750 1099 quod
771 1034 909 1086 nubis
934 1031 1507 1084 Horizonti-imminentis
1537 1048 1635 1086 erat
1654 1036 1944 1100 principium
1969 1067 1983 1082 .

339 1107 415 1155 Sic
431 1105 580 1170 igitur
596 1101 886 1166 experientiae
922 1112 1076 1166 partes
1099 1111 1233 1147 erunt
1252 1103 1512 1149 multorum
1549 1102 1787 1151 rationum
1815 1102 1985 1153 funda-

337 1185 495 1223 menta
512 1169 707 1234 ingenio
725 1168 985 1222 ministrare
1005 1200 1019 1218 ‚
1038 1166 1428 1230 quandoquidem
1449 1201 1460 1220 ,
1485 1169 1516 1216 fi
1539 1168 1697 1218 Tullio
1714 1169 1947 1220 credimus
1971 1201 1987 1222 ‚

336 1242 625 1290 temerarium
644 1232 699 1290 est
718 1265 731 1286 ‚
749 1247 828 1282 aut
842 1235 1009 1294 falsum
1023 1234 1189 1291 sentire
1208 1264 1221 1282 ,
1237 1247 1316 1279 aut
1331 1236 1446 1296 quod
1473 1251 1556 1280 non
1570 1237 1682 1293 fatis
1708 1238 1988 1297 explorate-9

335 1304 605 1370 perspebium
619 1301 677 1360 fit
695 1331 708 1350 ,
750 1304 807 1350 &¹
828 1302 1051 1361 cognitum
1072 1329 1085 1348 2
1111 1297 1206 1356 fine
1223 1298 1322 1344 vlla
1348 1296 1628 1347 dubitatione
1662 1300 1950 1359 defendere„
1970 1332 1988 1354 ‚

337 1375 399 1420 Et
418 1370 529 1417 vero
546 1366 669 1415 subit
686 1379 760 1412 me
781 1363 977 1427 negleeti
999 1361 1384 1425 opportuniffimi
1401 1365 1627 1426 temporis
1645 1362 1987 1425 poenitencia-2,

334 1437 444 1485 curn
464 1436 524 1484 ad
545 1433 656 1482 litus
687 1432 829 1481 maris
861 1429 1094 1479 Adriatici
1127 1429 1361 1476 habitanti
1386 1430 1697 1478 commodum
1725 1428 1834 1477 efl'et
1860 1435 1986 1481 mul-

333 1520 404 1554 tas
425 1515 614 1550 mouere
637 1498 936 1562 quaestiones,
958 1511 1209 1560 earumque
1232 1494 1485 1544 solutiones
1502 1496 1985 1551 animaduersionibus

333 1569 627 1619 fidelioribus
653 1564 923 1614 adiuuenire
942 1594 960 1612 .
1013 1568 1079 1610 At
1096 1576 1245 1626 neque
1270 1563 1330 1610 sic
1354 1561 1444 1609 tibi
1466 1561 1605 1611 fidem
1640 1563 1860 1612 adhibere
1885 1579 1982 1620 te...

329 1638 470 1686 velim
489 1668 505 1692 ,
542 1648 589 1681 vt
622 1632 832 1682 falsitatis
866 1644 1095 1692 coarguas
1118 1643 1411 1692 quaecunque
1445 1629 1551 1690 alijs
1584 1629 1766 1680 idoneis
1796 1645 1993 1681 caetero-

329 1704 445 1770 quin
463 1699 737 1765 auctoribus
774 1711 1018 1762 comperta
1038 1696 1227 1745 fuerunt
1244 1727 1256 1745 .
1296 1695 1418 1743 Mihi
1434 1695 1558 1757 {sane
1589 1699 1886 1761 propositum
1920 1699 1984 1748 est

328 1787 412 1836 per
434 1770 635 1819 aliorum
654 1771 946 1824 ‚narrationes
964 1763 1084 1812 viam
1103 1762 1298 1811 sternere
1318 1762 1378 1811 ad
1396 1766 1652 1813 multarum
1673 1763 1984 1827 quaestionum

326 1838 457 1888 haud
473 1837 539 1884 ita
557 1832 877 1899 expeditarum
901 1831 1122 1881 rationes.
1142 1829 1365 1879 eruendas
1386 1861 1398 1882 ,
1423 1846 1541 1896 quas
1557 1831 1636 1878 vbi
1659 1831 1986 1895 experientia„

328 1906 447 1955 duce
463 1902 741 1964 inuestJgare
761 1915 858 1948 non
878 1898 1041 1946 licebit
1061 1929 1074 1950 ,
1104 1910 1179 1946 eas
1199 1894 1249 1944 in
1270 1895 1433 1946 medio
1474 1899 1736 1961 relinquam
1760 1896 1986 1948 feliciori-

330 1975 417 2033 bus
441 1969 642 2030 ingeniis
658 1965 968 2030 penetrandas
991 1997 1002 2018 ‚
1026 1969 1070 2012 &
1091 1975 1278 2012 remoto
1291 1963 1475 2026 penitus
1494 1965 1629 2012 omni
1654 1963 1983 2026 ambiguitatis

331 2043 434 2088 velo
455 2034 795 2100 inspiciendam
837 2047 1002 2094 nempe
1025 2030 1133 2080 satis
1166 2030 1412 2080 habiturus
1450 2029 1549 2080 sum
1580 2062 1592 2082 ,
1635 2029 1826 2077 innoxia
1850 2033 1988 2078 volu-

330 2119 458 2171 ptate
475 2106 640 2153 oculos
660 2114 763 2149 tum
784 2113 988 2149 mentem
1007 2112 1103 2146 non
1124 2095 1281 2145 inutili
1298 2095 1512 2146 doctrina
1538 2094 1710 2160 pauisse
1733 2129 1745 2149 ,
1766 2099 1834 2144 vel
1857 2111 1988 2160 quae-

327 2175 503 2223 stiones
520 2169 761 2219 mouendo
781 2200 793 2221 ,
815 2183 909 2218 non
927 2165 1143 2230 indignas
1169 2161 1460 2227 Philosopho
1482 2198 1497 2221 ,
1526 2166 1595 2210 vel
1614 2163 1641 2210 εὶ
1659 2176 1988 2212 terrenarum-.-

321 2256 486 2290 remm
501 2236 871 2285 consideratione
891 2232 952 2283 ad
973 2230 1227 2281 coelestium
1256 2231 1706 2294 contemplationem
1728 2230 1985 2278 animum-³

330 2305 619 2356 subleuando
643 2338 655 2350 .
691 2302 766 2350 Sic
782 2316 833 2350 vt
851 2301 1109 2349 exillarum
1142 2299 1454 2346 admiratione
1491 2303 1549 2346 ad
1572 2295 1849 2346 Conditoris
1890 2300 1989 2344 lau-

331 2376 412 2423 des
447 2384 645 2435 exurgat
664 2406 679 2429 ,
714 2368 842 2419 illius
870 2367 1082 2417 videlicet
1100 2363 1313 2416 Artificis
1334 2399 1347 2417 ,
1370 2380 1424 2414 ac
1443 2362 1770 2427 Praeceptoris,
1794 2360 1879 2424 qui
1903 2364 1991 2410 du-

331 2442 422 2499 bijs
444 2440 669 2489 omnibus
687 2453 801 2486 vnus
836 2436 1043 2484 occurrit
1066 2467 1079 2486 ‚
1103 2430 1257 2481 nodos
1295 2447 1460 2481 omnes
1498 2429 1738 2490 diss‘oluit1‚
1765 2434 1809 2475 &
1829 2429 1992 2479 verita-

332 2523 428 2556 tem
453 2523 506 2554 ex
524 2505 694 2570 quauis
734 2501 1043 2568 quantumuis
1061 2502 1277 2564 perplexa
1298 2497 1652 2549 ratiocinatione
1674 2494 1892 2557 exculpit.

468 2579 542 2622 Ita
557 2586 764 2620 veterum
782 2569 1061 2634 praescripto
1081 2565 1408 2629 nauigabimus
1437 2562 1649 2611 nondum
1671 2562 1992 2610 audentiqu

74 2653 302 2711 &op-litus
336 2643 435 2690 alto
458 2640 500 2689 se
518 2638 836 2691 committere,
894 2641 952 2688 <5
973 2636 1087 2683 alter
1105 2648 1252 2681 remus
1271 2631 1543 2695 aqua52alter
1558 2627 1645 2690 fibi
1671 2631 1799 2675 radat
1820 2644 1994 2682 arenas

339 2707 578 2772 egregiam
602 2710 890 2769 voluptatem
914 2699 1113 2763 capturi,
1140 2697 1252 2744 dum
1278 2709 1424 2759 prope
1448 2693 1561 2743 litus
1586 2707 1709 2741 mare
1730 2709 1999 2758 percurren-

341 2775 721 2830 tes,inambulare
744 2765 1105 2839 quodammodo
1133 2776 1259 2817 terrae
1283 2765 1413 2819 nullo
1443 2758 1618 2826 pedum
1657 2759 1810 2811 labore
1834 2795 1847 2816 ,
1869 2761 2000 2809 nani..

1830 2844 1937 2892 gare
