2144 3218
671 110 675 118 '
713 64 1063 178 GLA851S
1112 99 1239 171 1.1..
1524 123 1652 190 107

96 255 192 323 60
231 267 236 294 ;
261 237 458 288 Concha
476 233 758 287 denticulata
781 238 1045 286 marmorea
1063 233 1316 284 substantia
1334 266 1346 286 ‚
1368 233 1496 281 intus
1515 225 1713 279 candida
1731 253 1748 276 ,

294 304 413 354 foris
427 303 625 354 maculis
661 304 809 354 fuluis
837 302 1123 367 serpentibus
1145 300 1347 351 mirifice*
1366 312 1616 350 exornata·

100 389 146 453 6
160 403 184 448 1
265 375 460 423 Concha
479 371 652 437 paritet
669 373 874 424 dentata,
896 373 1057 419 colore
1079 368 1281 420 candido
1300 401 1314 422 ,
1335 381 1476 433 quem
1496 366 1624 415 lineae
1646 358 1750 425 sub-

298 442 425 489 flauae
449 441 590 488 vndas
611 440 756 488 maris
779 437 1029 487 referentes
1050 437 1170 485 belle
1197 436 1515 500 distinguunt·

102 519 193 584 62
261 514 443 557 Aureus
480 509 615 555 color
632 507 694 554 est
731 506 840 554 huic
871 506 1037 553 multis
1059 503 1394 568 praestantiori.
1432 501 1572 550 Circa
1601 497 1751 546 cardi-

293 589 398 625 nem
419 573 632 622 caudidae
671 585 793 620 notae
830 571 899 619 ita
941 569 1254 634 disponuntur
1276 603 1288 623 ‚
1319 583 1372 619 vt
1396 569 1429 617 fi
1463 567 1580 615 binae
1604 568 1753 612 valuae

109 639 489 705 coniungantur,
516 641 744 690 formetur
764 639 894 702 quasi
915 639 1041 686 stella
1077 638 1150 686 sex
1192 636 1349 687 radios
1381 635 1552 684 habens
1569 667 1582 682 .
1641 636 1754 678 Haec

109 706 307 756 Concha
337 721 444 756 cum
462 707 643 757 duabus
661 705 907 771 prioribus
924 703 1167 769 descriptis
1194 718 1247 753 ex
1265 699 1599 768 Vlyffiponenfi
1619 698 1758 747 litore

103 774 202 833 ,fuit
222 773 394 827 delata,
419 789 656 839 nunquam
676 772 866 822 aliunde
888 772 949 820 ad
966 787 1042 820 me
1062 776 1229 821 allata.
1668 827 1679 837 ,
1747 830 1755 835 -

106 849 191 927 63
272 843 468 891 Concha
489 842 515 890 ἐ
531 840 650 890 mari
673 838 917 892 Gaditano
936 838 1097 888 habita
1120 871 1131 891 ‚
1189 838 1398 887 minutis*
1413 832 1637 885 dentibus
1665 844 1755 903 m?

301 908 504 958 circuitu
527 908 705 972 aspersa
720 938 743 957 .,
771 905 1049 970 Spectabilis
1073 906 1152 954 illa
1172 906 1234 953 est
1255 909 1472 956 colorum
1489 898 1636 950 causa,
1652 910 1758 959 qu1-

104 973 191 1020 bus
210 976 355 1022 veluti
375 991 513 1038 opere
534 974 743 1040 phrygio
781 973 963 1021 videtur
979 985 1160 1026 ornata,
1178 987 1314 1037 aeque
1346 975 1526 1022 calamo
1549 1001 1562 1019 ‚
1579 982 1630 1014 ac
1646 976 1759 1026 pen·-

104 1038 267 1087 nicillo
286 1040 578 1093 difficilibus,
612 1054 660 1087 vt
683 1040 1001 1103 exprimantur
1018 1072 1034 1087 .
1070 1039 1340 1088 Subflauum
1363 1039 1488 1087 enim
1509 1037 1718 1084 colorem
1740 1059 1754 1080 2

104 1121 205 1169 quo
227 1119 330 1154 tota
354 1107 549 1171 tegitur,
569 1108 702 1156 albus
725 1138 737 1160 ‚
760 1105 891 1156 rufus
910 1140 923 1159 ‚
947 1105 1129 1163 viridis,
1157 1106 1314 1156 fuluus
1333 1105 1553 1170 glastinus
1573 1097 1764 1150 diuet-ss«

103 1171 247 1221 mode
268 1172 466 1234 confufi,
487 1181 532 1223 &
550 1175 798 1240 temperati
819 1173 1113 1238 distinguunt
1138 1198 1152 1223 ·.
1188 1177 1358 1223 Forma
1390 1169 1593 1220 eiusdem
1614 1162 1765 1228 expri-

105 1252 181 1286 tur
201 1241 228 1288 a
254 1240 404 1304 figura
426 1274 440 1287 .
1128 1279 1133 1282 .
1238 1253 1242 1256 ⁴
1400 1269 1404 1273 >

111 1323 198 1387 64
326 1308 529 1355 Conchae
551 1305 753 1354 fasciatae
770 1339 782 1358 ‚
825 1321 919 1354 non
939 1305 1098 1354 minus
1116 1305 1344 1372 pulchrae3
1393 1321 1539 1372 quam
1560 1298 1767 1349 caeteraess

200 1331 240 1470 >
353 1378 483 1423 Tales
499 1374 717 1421 dicuntur
733 1374 759 1419 a
779 1371 947 1431 fasciJ's‚
984 1374 1157 1436 quibus
1179 1376 1493 1422 exornantur-4
1533 1375 1616 1419 Hae
1640 1366 1766 1414 enim

112 1420 152 1469 6
167 1424 190 1480 5
348 1440 561 1486 castaneo
579 1441 735 1484 colore
753 1438 802 1483 in
823 1438 1014 1486 rubrum
1039 1437 1360 1500 propendente
1381 1471 1393 1490 ,
1413 1454 1465 1486 ac
1488 1432 1730 1500 pellucido
1751 1464 1765 1486 ,

106 1500 176 1548 ita
195 1501 507 1567 disponuntur
525 1504 551 1550 a
574 1502 761 1550 cardine
778 1505 921 1550 imam
944 1518 1077 1551 oram
1101 1502 1252 1553 versus
1276 1538 1288 1555 ‚
1327 1509 1371 1551 &
1391 1521 1444 1553 ex
1477 1504 1763 1552 vnolatere)

103 1568 152 1614 in
174 1571 391 1623 alterum,
414 1584 461 1618 vt
483 1570 645 1618 multis
668 1569 715 1615 in
738 1570 857 1617 locis
883 1569 1132 1620 interiecta:
1152 1602 1167 1627 ,
1185 1570 1381 1636 alijsque
1408 1572 1512 1630 alijs
1546 1567 1770 1632 superim-

106 1637 271 1698 positis
307 1638 479 1686 maiori
501 1636 674 1684 coloris
702 1635 924 1684 denfitate
946 1637 1274 1701 dupplicatum
1300 1643 1452 1688 velum
1487 1639 1763 1686 videantur.

111 1705 354 1753 Notantur
383 1703 565 1767 insuper
587 1704 784 1751 maculis
824 1704 1247 1754 rubicundioribus
1290 1707 1432 1754 veluti
1455 1705 1642 1755 mnficae
1686 1715 1777 1746 no-

107 1769 170 1816 tis
201 1801 212 1821 ,
236 1786 314 1818 aut
338 1773 504 1820 mufiui
526 1785 684 1834 operis
718 1769 994 1834 fragmentis
1025 1773 1268 1835 pellucida·
1294 1771 1539 1823 sandracca
1573 1766 1768 1815 nitentia

107 1835 195 1884 bus
225 1869 238 1888 ,
275 1843 327 1884 In
349 1853 477 1900 parte
497 1853 702 1886 concaua
722 1840 844 1887 leues
864 1870 875 1889 ,
896 1845 938 1886 &
958 1840 1164 1888 candidae
1185 1872 1200 1893 ,
1219 1852 1268 1888 vt
1285 1840 1444 1903 parius
1465 1838 1580 1902 lapis
1606 1850 1620 1886 3
1659 1835 1768 1882 Pul-

110 1902 320 1951 chriores
355 1904 611 1951 Tarentino
639 1904 684 1950 in
709 1907 828 1953 mari
847 1920 1125 1968 generantur
1142 1939 1155 1959 ‚
1199 1922 1318 1973 quas
1341 1911 1508 1955 Incolae
1543 1905 1571 1951 a
1593 1899 1767 1949 caeteris

113 1969 347 2017 inferioris
377 1982 505 2019 notae
524 1969 815 2032 distinguunt
833 1986 1052 2020 vocantes
1064 1974 1219 2035 patria
1240 1989 1351 2020 voce
1373 1973 1599 2022 Camade'e.

112 2044 205 2107 66·
276 2039 471 2085 Concha
488 2036 603 2084 leuis
626 2068 637 2087 ‚
662 2042 703 2082 &
723 2035 912 2085 fasciata
934 2068 947 2088 ,
970 2036 1130 2084 subtili
1148 2042 1378 2100 teretique
1404 2038 1518 2085 testa
1545 2069 1558 2087 ,
1585 2034 1634 2080 in
1657 2047 1770 2081 con-

302 2117 416 2151 caua
429 2115 557 2165 parte
578 2102 753 2156 danea,
775 2106 823 2153 in
842 2116 1050 2152 connexa
1067 2103 1361 2154 veroliuida,
1380 2104 1514 2152 zonis
1534 2098 1771 2154 castaneis,

113 2176 155 2218 δι
175 2168 394 2219 subflauis
411 2169 561 2220 cineta
576 2201 590 2214 .
1323 2204 1326 2206 .

112 2246 202 2325 67
276 2238 471 2286 Concha
487 2237 603 2285 ienis
625 2233 781 2283 albida
813 2267 826 2292 ,
867 2235 916 2283 in
936 2247 1068 2298 parte
1106 2236 1301 2300 gibbosa
1344 2236 1474 2286 lineae
1511 2233 1664 2283 furuae
1679 2267 1693 2290 ‚
1730 2237 1777 2279 &

304 2304 588 2370 sangnineae,
608 2302 676 2351 ita
692 2301 879 2367 serpunt
903 2335 917 2356 ‚
952 2314 1001 2350 vt
1017 2308 1215 2369 angulos
1232 2317 1401 2356 acutos
1436 2300 1675 2368 saepiffime
1711 2300 1775 2347 ef-

112 2377 315 2426 forment
333 2406 347 2419 .
372 2396 376 2399 ·
428 2415 430 2417 .
533 2408 537 2411 ,

116 2452 202 2514 68
277 2440 384 2489 Alia
417 2453 470 2484 ex
497 2437 679 2486 leuibus
703 2435 914 2485 conchis
953 2437 1183 2490 flauedine
1203 2440 1406 2503 quadam
1424 2452 1548 2501 aqua
1566 2434 1778 2499 *diluta-o

308 2511 536 2558 colorata,
560 2508 767 2555 maculas
782 2502 964 2568 insuper
987 2505 1130 2554 habet
1149 2506 1517 2558 subuolturinas‚
1534 2509 1576 2550 δε
1597 2499 1784 2564 sangui·

114 2585 205 2618 neo
228 2577 382 2623 colore
424 2573 686 2636 punctatim*
708 2605 720 2626 ,
760 2576 804 2618 δε
843 2571 1162 2623 (ὶίυετῆιῃοόέ
1206 2586 1408 2624 notatur
1437 2606 1449 2622 .
1506 2571 1596 2619 His
1629 2566 1782 2617 tribus

117 2642 327 2692 Conchis
347 2642 714 2704 Neapolitanum
735 2640 846 2686 litus
870 2640 1080 2689 abundat
1099 2673 1111 2686 .

113 2717 201 2783 69
277 2708 470 2760 Concha
486 2724 650 2771 parum
692 2719 926 2762 emanata,
953 2712 998 2754 δε
1021 2709 1152 2772 quasi
1193 2701 1599 2773 perfeffffi'circino
1621 2713 1784 2749 rotun-

306 2777 414 2825 data
438 2791 451 2826 3
494 2775 539 2823 in
566 2788 909 2838 vtraqueparte
935 2773 1125 2822 aibescit
1146 2808 1159 2828 ,
1198 2776 1246 2825 in
1267 2789 1448 2823 externa
1470 2767 1783 2820 minutiffimae

111 2847 259 2911 strigae
301 2846 327 2895 a
347 2857 507 2894 centro
530 2845 588 2893 ad
609 2843 873 2907 marginem
906 2841 1243 2905 producuntur
1262 2876 1278 2903 ‚
1300 2843 1402 2902 alijs
1420 2837 1604 2890 lineolis
1624 2834 1784 2882 intras‹

1047 2912 1093 2959 Ο
1167 2925 1197 2958 2
1541 2902 1719 2953 uersum
