2144 3218
739 111 1092 184 CLAssis
1139 113 1220 184 η
1327 180 1329 183 .
1596 128 1698 204 93·

143 251 422 312 generantur
463 237 618 303 figura
637 235 843 286 rotunda
860 271 873 290 ,
901 242 945 286 &
966 237 1173 302 lenigata
1192 271 1205 285 .
1239 245 1293 295 In
1313 242 1366 290 E.
1389 240 1798 297 ostenditur-massa

145 312 358 377 quaedarn
382 306 582 356 formata
600 304 658 353 ab
680 305 786 364 alijs
805 338 819 358 ,
848 306 933 369 qui
950 320 1190 369 nunquam
1209 304 1236 353 a
1260 310 1443 359 caeteris
1482 311 1676 374 separati
1695 309 1799 359 nas-

143 391 313 428 cuntur
335 408 348 427 ‚
377 372 559 434 suisque
599 371 798 420 orbibus
830 389 924 420 non
954 374 1145 436 quidem
1179 374 1381 437 perfeste
1411 379 1630 428 rotundis
1665 378 1799 426 simul

142 442 432 494 conueniunt
454 479 467 493 ,
541 444 654 489 Pars
689 439 886 487 interior
927 443 1130 489 rotunda
1162 443 1223 488 est
1261 476 1275 496 ,
1322 456 1508 492 externa.
1548 445 1659 492 vero
1703 442 1801 493 fer&

145 507 445 573 triangularis
463 539 477 553 .
516 509 693 554 Colore
719 505 825 553 sunt
847 506 974 557 albo,
993 507 1196 561 cinereo,
1221 513 1291 557 vel
1315 508 1440 558 oss'eo
1461 543 1476 563 ,
1511 510 1605 560 Sub
1627 515 1674 559 F.
1700 512 1804 560 sunt

143 580 224 637 aiij
244 578 292 623 in
327 579 525 637 longum
552 588 648 621 non
668 570 788 620 refice*
813 573 1032 636 prodiisti
1056 607 1068 620 .
1121 577 1291 638 Figura
1307 578 1480 639 pariter
1501 578 1647 627 trium
1689 584 1805 627 iate-

150 661 277 694 rum‚
303 656 509 705 quorum
532 640 736 702 angulos
771 639 905 687 crista
928 640 1133 703 quadam
1166 643 1357 690 dentata
1378 644 1523 691 veluti
1557 644 1676 693 serra
1714 645 1805 692 mi·-

149 711 278 758 rifice
299 719 491 755 exornat
518 709 703 753 :colore
721 705 880 758 badio,
910 720 993 754 aut
1014 707 1176 757 vinoso
1194 741 1207 759 ‚
1243 710 1520 772 Aliquando
1557 713 1807 760 inueniun-

147 791 225 827 tur
246 774 462 826 rotundi,
489 779 533 820 &
552 773 760 836 quadarn
784 775 1001 836 lanugine
1024 776 1314 825 circumtecti
1332 810 1348 822 0
1382 778 1444 824 G.
1476 775 1588 823 illos
1608 777 1811 830 indicar,'

145 843 232 907 qui
251 842 426 905 semper
443 841 571 904 quasi
598 837 820 888 viscerum
860 837 1048 888 massam
1068 842 1375 894 constituunt,
1398 856 1546 906 quare
1572 845 1712 891 multi
1734 846 1809 907 pi-

149 911 297 958 scium
346 909 515 955 viscera
548 906 845 955 crediderunt
877 908 1077 956 humore
1117 910 1285 973 aliquo
1325 907 1633 972 lapidescente
1668 911 1808 960 indu<

147 991 247 1025 rata
270 1009 282 1021 .
322 973 700 1038 Magnitudinem
716 974 744 1022 a.
780 975 930 1037 figura
953 973 1200 1038 exprefl'am
1224 991 1321 1024 non
1346 976 1573 1025 excedunt
1591 1009 1603 1028 ‚
1637 991 1683 1024 vr
1705 981 1813 1041 plu-

151 1043 326 1091 rimum
352 1046 509 1088 colore
534 1039 682 1091 fusco,
706 1055 871 1097 terreo,
898 1047 942 1089 ἃ
963 1043 1116 1089 liuido
1142 1043 1262 1094 ssub
1288 1048 1393 1091 luto
1415 1042 1615 1104 scopulis
1641 1044 1816 1094 immo-

148 1110 308 1158 biliter
346 1105 702 1155 adhaerescentes
740 1108 944 1160 viuunt,
977 1112 1234 1174 testamque
1283 1110 1456 1159 babent
1492 1110 1815 1161 minutiffimis

146 1177 271 1235 striis
289 1174 496 1237 asperam
513 1205 528 1217 .

316 1244 553 1289 Hastenus
575 1239 631 1285 de
653 1239 893 1288 Testaceis
913 1242 1228 1290 Vniualuibus
1248 1274 1261 1294 ‚
1285 1259 1392 1307 quae
1404 1257 1458 1292 ex
1475 1244 1620 1304 variis
1656 1244 1801 1296 Maris

150 1304 399 1356 littoribus
441 1304 622 1353 curiosa
641 1306 854 1355 obtinuit
879 1310 1140 1361 Industriass,
1174 1323 1257 1356 nec
1295 1313 1354 1358 ab
1377 1311 1602 1361 omnibus
1615 1327 1815 1362 rernm-2·

154 1375 439 1422 naturalium
470 1372 715 1420 Historicis
751 1380 927 1421 relata.
993 1375 1281 1436 Explicanda
1315 1393 1439 1424 nunc
1475 1379 1538 1424 est
1570 1378 1809 1430 secundem

149 1440 420 1489 Riualuium
458 1436 620 1488 Claffis
641 1438 880 1499 copiozior
903 1440 1248 1502 proculdubio,
1269 1446 1313 1487 δε
1328 1442 1572 1505 pulchrior
1595 1477 1608 1489 .

555 1631 907 1707 CLASSIS
954 1632 1430 1707 SECVNDA.

433 1806 802 1875 Continens
832 1806 898 1875 T
900 1804 1138 1874 estacea
1190 1806 1524 1881 Biualui'a.

291 1952 304 1972 Ι

217 2013 244 2057 1
437 1991 605 2040 Oncha
629 2024 641 2042 ,
679 1994 826 2056 Mater
851 1992 1074 2042 vnionum
1123 1995 1248 2044 diua
1264 2028 1280 2052 ‚
1320 1987 1404 2045 aut
1431 1994 1774 2059 Margaritifera
1795 1990 1813 2045 ζ

465 2062 493 2104 a
514 2059 785 2121 Margaritis
807 2090 818 2107 ,
841 2072 958 2119 quas
997 2060 1183 2120 gignit.
1222 2062 1350 2108 Binis
1374 2065 1519 2110 valuis
1563 2059 1814 2123 componi-

160 2136 238 2172 tur
255 2135 421 2184 parum
446 2156 459 2174 ‚
484 2127 527 2171 δε
547 2124 792 2188 aequaliter
816 2125 1354 2176 excauatis,exrtinsecus
1389 2126 1563 2191 rugosa
1583 2161 1598 2186 ‚
1622 2134 1665 2175 &
1685 2127 1817 2189 aspea

160 2205 227 2240 ra,
252 2201 300 2235 at
333 2204 429 2235 non
450 2190 636 2251 striata.
692 2196 830 2238 Intus
848 2204 1004 2238 autem
1027 2192 1143 2241 leuis
1165 2225 1179 2243 ,
1234 2199 1278 2240 δε
1306 2195 1539 2243 albescens
1576 2209 1630 2242 ex
1650 2208 1814 2257 argen-

159 2270 239 2305 teo
262 2260 422 2303 colore
444 2291 457 2304 .
511 2258 641 2306 Testa
668 2257 822 2305 valida
843 2257 905 2304 est
926 2289 940 2308 ‚
964 2263 1008 2304 &
1029 2259 1318 2320 ponderosa,
1366 2262 1629 2324 pectinibus
1654 2261 1818 2309 similis

160 2324 343 2372 vnicam
378 2324 637 2375 auriculam
662 2325 803 2373 habet
828 2363 839 2377 .
872 2324 1249 2388 Magnitudinem
1269 2330 1298 2374 a
1323 2327 1478 2391 figura
1503 2327 1816 2392 expressarm‚

161 2405 217 2444 vt
236 2391 492 2455 plurimum
535 2408 631 2441 non
661 2392 878 2455 superat3
917 2405 966 2439 at
1001 2391 1048 2438 in
1087 2394 1371 2456 quibusdam
1414 2395 1655 2443 Indiarum
1697 2394 1818 2443 locis

167 2457 404 2506 diametro
421 2459 567 2523 palmi
594 2459 944 2523 longitudinem
965 2474 1117 2523 aequat
1141 2493 1154 2512 ,
1178 2465 1319 2510 talem
1343 2463 1483 2510 habet
1505 2495 1519 2514 ,
1539 2479 1641 2526 quae
1663 2465 1824 2509 Bono-

164 2525 250 2573 niae
275 2525 325 2572 in
351 2527 512 2575 Museo
534 2525 775 2590 Cospiano
810 2526 1041 2589 speffitatur
1062 2559 1076 2574 .
1128 2528 1402 2593 Aliquando
1437 2529 1576 2578 visam
1599 2528 1718 2577 adeo
1743 2543 1823 2576 ca·-

164 2606 347 2657 pacem,
372 2608 420 2641 vt
440 2594 584 2642 Piscis
608 2594 814 2641 inclusus
836 2591 1008 2656 septem
1031 2591 1164 2657 supra
1186 2596 1504 2660 quadraginta
1541 2596 1818 2644 librarum„

160 2660 457 2725 ponderaret,
480 2666 644 2710 Petrus
677 2660 843 2708 Martir
865 2660 1004 2709 refert
1023 2695 1035 2707 .
1094 2664 1169 2709 De
1197 2665 1494 2726 generatione
1517 2676 1673 2712 aurem
1697 2667 1823 2711 Mar-

153 2728 418 2791 garitarum
448 2729 570 2775 inter
594 2727 897 2777 Problemata
920 2727 1106 2791 aliquid
1125 2730 1483 2792 praelibabimus
1507 2764 1521 2776 .
1558 2731 1651 2778 Hic
1669 2730 1826 2778 testa-³

155 2794 344 2842 tantum
365 2793 727 2858 inspicipienda‚
749 2796 799 2841 in
822 2810 920 2859 qua
942 2794 1146 2844 nascitur
1167 2797 1478 2861 Margaritum
1505 2829 1519 2854 ‚
1541 2797 1676 2862 qnod
1705 2796 1826 2847 falso

155 2861 334 2913 elicitur
359 2861 495 2913 Vnio
511 2862 540 2913 a
559 2862 742 2915 Latinis
776 2860 837 2912 ab
870 2863 966 2913 hoc
988 2894 1002 2916 ,
1024 2863 1140 2927 quid
1160 2863 1220 2913 ab
1237 2880 1336 2914 vna
1356 2864 1553 2927 nascitur
1574 2870 1701 2976 Vnubs
1718 2895 1734 2919 ,
1777 2875 1829 2911 vt

1563 2933 1664 2980 Mar
1701 2944 1756 2976 o-
