2144 3218
452 70 550 139 ει·
587 65 592 69 ·
878 42 1106 140 PARS
1159 71 1461 145 rRiMA

497 199 602 248 Nec
622 196 651 247 e*
668 197 949 262 patrioluto
981 199 1239 252 Animalia,
1273 199 1402 248 testis
1441 199 1616 252 inclusa
1645 204 1708 254 ad
1746 206 2016 259 nobilitatis

355 260 599 328 fastigium
623 265 868 316 immerito
889 270 1155 327 attollimus
1189 297 1202 318 ‚
1221 267 1342 329 quid
1387 269 1512 315 enim
1531 269 1704 320 mirum
1726 274 1757 322 Γι
1794 276 1890 325 haec
1909 278 2019 343 po(-

360 333 469 384 (int,
497 346 609 379 cum
630 333 822 382 nomine
842 336 1071 384 Potentiae
1099 333 1286 379 summae
1311 364 1327 385 ,
1365 330 1651 397 summaeque
1679 337 1910 402 sapientiae
1932 350 2017 394 Te.

359 397 512 447 stacea
527 414 782 464 operentur
805 434 818 447 .
858 406 1035 449 Rerum
1058 399 1182 447 enim
1208 399 1491 448 senfibilium
1525 402 1792 455 afflonibus
1820 414 2012 461 Natura:

359 465 606 515 Conditor
626 499 641 520 ,
673 468 759 531 qui
776 467 1003 517 omnibus
1038 466 1196 532 praeest
1217 471 1318 516 velo
1335 467 1546 532 quodam
1570 467 1815 534 obtegitur
1834 492 1848 527 ;
1870 494 2016 527 mere.

358 545 531 597 turque
552 535 872 599 Epigraphem
892 567 906 588 ,
923 550 1069 599 quam
1104 537 1404 584 'planetarum
1427 536 1638 600 Principi
1658 539 1810 592 Mari,
1839 546 2014 595 Terra».-

355 614 451 666 que
470 600 756 655 dominanti,
779 602 977 668 quidam
995 603 1198 668 aptauit‚
1217 617 1322 651 cum
1341 601 1519 667 scripfit
1544 620 1555 648 :
1591 609 1672 654 AB
1706 612 1878 657 VNO,

495 672 804 719 Concurrunt
830 670 1026 736 quidem
1063 669 1114 718 in
1141 669 1346 736 pffloria
1384 671 1472 719 hac
1490 684 1592 719 arte
1629 673 1723 721 alia
1757 681 1908 726 multa
1931 710 1945 730 ,
1985 675 2014 725 ἂ

356 733 555 800 quibus.
585 749 634 784 vt
661 738 729 785 ita
760 738 918 786 dicam
938 740 1121 787 colores
1154 739 1480 802 exprimuntur
1503 771 1516 790 ‚
1543 745 1587 786 &
1604 740 1883 792 multicolor
1921 747 2015 793 tin-

357 804 492 851 &ura
515 803 752 868 affigitur,
768 804 882 855 ideo
913 806 1138 856 Vniones‚
1168 808 1300 870 quia
1330 806 1452 854 mari
1484 805 1758 855 Britannico
1792 825 2017 874 generan-

357 882 439 918 tur
470 885 568 920 non
583 872 714 936 aeque
728 872 985 926 albescunt,
1008 887 1063 922 ac
1087 874 1357 937 Margaritae
1375 873 1622 924 orientales
1645 874 1781 926 Sinus
1799 879 2012 934 Arabici,

357 942 404 985 δε
443 943 660 1004 Purpura
698 940 882 1006 Cypria
917 956 1074 1005 magis
1113 940 1317 990 rubescit
1335 973 1349 994 ,
1389 956 1531 1005 quam
1553 957 1605 990 ea
1630 974 1645 994 ,
1683 959 1785 1006 quae
1805 946 1853 991 in
1890 947 2014 996 mari

358 1003 612 1055 Adriatico
628 1022 840 1057 nutritur
860 1042 873 1064 ,
896 1010 1032 1058 ficuti
1053 1014 1291 1073 Purpuras
1316 1008 1365 1057 in
1384 1008 1506 1057 mari
1529 1009 1815 1072 Aquilonari
1854 1013 2013 1076 nigre·

356 1071 497 1126 scere,
515 1073 562 1120 in
584 1077 806 1124 Australi.
827 1091 875 1125 vt
894 1076 1156 1141 plurimum
1178 1076 1344 1124 rubras
1363 1078 1475 1136 effe„
1498 1076 1546 1121 in
1568 1077 1801 1125 orientali
1821 1081 1947 1132 vero,
1968 1085 2015 1129 δε

359 1138 665 1189 occidentali
678 1144 850 1192 liuidas
868 1159 922 1192 ex
938 1143 1186 1192 Aristotele
1206 1144 1492 1206 accepimus.
1516 1145 1675 1190 Docet
1691 1144 1865 1194 deinde*
1884 1146 2012 1195 idem

352 1208 676 1273 Philosophus
709 1209 924 1275 dupplici
964 1211 1148 1257 ratione
1172 1210 1338 1256 variari
1356 1211 1480 1272 posse
1517 1215 1699 1259 colores
1722 1210 1770 1256 in
1801 1213 2016 1261 eodem,

352 1274 566 1325 subieci-lo
586 1308 600 1329 ‚
644 1280 715 1326 vel
749 1279 863 1343 quia
887 1280 936 1326 in
960 1278 1062 1326 eius
1106 1275 1406 1340 generatione
1445 1274 1640 1324 alterari
1667 1276 1808 1324 nimis
1828 1278 2020 1340 poss'unt

349 1342 594 1395 humores,
613 1348 885 1406 mutarique
906 1344 1155 1405 temperies
1177 1375 1191 1394 ,
1208 1359 1311 1404 quae
1328 1342 1390 1389 ad
1405 1346 1545 1388 talem
1579 1344 1786 1390 colorem
1807 1344 2017 1397 subicito

347 1409 668 1458 inducendum
691 1411 897 1473 exigitur
918 1412 946 1458 ἐι
973 1413 1173 1459 Natura,
1200 1411 1266 1455 vel
1286 1422 1339 1454 ex
1354 1406 1542 1455 diuerso
1559 1420 1682 1470 potu
1710 1423 2009 1472 aquarum,

341 1493 466 1540 quae,
483 1479 515 1525 si
535 1478 712 1529 calidae,
737 1476 990 1525 candidum
1009 1480 1217 1524 colorem
1240 1475 1488 1525 inducunt,
1509 1475 1542 1522 fi
1567 1473 1771 1536 trigidae,
1799 1476 2000 1539 fuscum,

340 1559 396 1593 ex
430 1558 482 1590 ea
504 1543 799 1607 potissimum
825 1544 1039 1595 ratione,
1077 1543 1192 1605 quia
1234 1557 1346 1589 cum
1372 1540 1525 1589 calida
1565 1544 1725 1588 mulrae
1766 1544 2010 1605 particulae

337 1611 463 1661 aetis
479 1610 760 1664 miscentur,
785 1627 839 1658 ex
861 1610 1037 1675 quibus
1068 1610 1246 1656 candor
1280 1607 1533 1673 prouenit,
1555 1621 1604 1654 vt
1621 1622 1816 1671 apparet
1832 1610 1881 1657 in
1903 1612 2010 1677 spu..

334 1694 414 1725 ma
432 1694 486 1727 ex
523 1694 649 1742 aqua
679 1685 749 1732 ,&
765 1683 870 1727 ae‘re
888 1678 1152 1740 composita
1171 1710 1184 1724 .
1226 1682 1403 1724 Verum
1425 1674 1658 1722 rationem
1679 1678 1801 1723 hanc
1822 1681 2010 1729 Aristo-

336 1745 446 1793 telis
473 1747 532 1794 ad
544 1745 774 1800 trutinam
795 1761 890 1794 non
912 1759 1094 1794 reuoco
1115 1775 1128 1789 .
1164 1742 1288 1791 Illud
1312 1741 1545 1789 affirmare
1561 1740 1885 1792 indubitanter
1906 1751 2012 1810 pla.

337 1826 415 1860 cet
438 1846 453 1865 ,
485 1816 621 1882 quod
653 1812 983 1882 experimentis
1008 1810 1117 1858 satis
1144 1809 1447 1859 euidentibus
1467 1806 1724 1857 roboratur
1744 1843 1755 1856 .
1796 1813 2001 1862 Colores

339 1878 557 1927 videlicet
585 1897 681 1929 non
705 1896 884 1945 paucos
911 1881 939 1931 a
964 1878 1233 1927 diuersitate
1252 1875 1470 1926 humoris
1489 1906 1502 1927 ,
1522 1890 1623 1938 quo
1638 1876 1883 1926 Animalia
1919 1897 2007 1930 nu·

339 1947 551 2000 triuntur
567 1948 686 2000 oriri
707 1981 720 2000 ‚
756 1948 1035 2009 rursumque
1073 1946 1241 1994 variari
1267 1945 1297 1990 a
1317 1942 1503 1991 diuersa
1522 1956 1684 1990 eorum
1708 1944 1882 1992 caloris
1906 1953 2006 1996 Co..

339 2014 511 2070 ἃίοιιε,
529 2015 589 2063 fic
610 2015 893 2063 Mitulorurn
914 2028 1041 2066 caro,
1058 2013 1090 2060 si
1134 2024 1369 2076 coquatur
1402 2008 1561 2073 igne-,e
1574 2009 1759 2074 pallido
1778 2013 1937 2061 colore
1956 2016 2005 2063 in

339 2081 604 2129 vitellinurn
626 2084 805 2135 transit.

473 2149 625 2215 Qod
654 2150 685 2197 fi
708 2149 819 2199 Pili,
844 2150 1025 2196 Plumae
1044 2178 1056 2199 ‚
1085 2151 1130 2193 &
1151 2146 1297 2195 Pelles
1321 2142 1609 2192 Animalium
1644 2143 1703 2191 ab
1723 2158 1889 2194 eorum
1925 2160 2005 2193 ex-

337 2219 592 2265 crementis
610 2217 899 2281 proueniunt
923 2247 937 2270 ,
961 2227 1009 2261 vt
1031 2212 1305 2262 Aristoteles
1341 2209 1435 2272 ipse
1456 2211 1650 2267 docuit,
1690 2213 2000 2260 confirmatur

338 2283 474 2346 quod
511 2283 721 2333 diximus
749 2317 762 2330 .
822 2289 877 2331 In
918 2294 1025 2330 cute
1062 2281 1187 2327 euim
1233 2277 1547 2325 <„ochlearum
1568 2279 1778 2327 Testacea
1818 2283 2001 2328 colores

338 2350 577 2417 praecipue
594 2364 838 2416 apparent,
865 2363 961 2396 non
979 2346 1166 2397 aliunde
1184 2343 1402 2412 profesto
1440 2345 1754 2397 multicolori,
1773 2350 1814 2392 &
1839 2346 1963 2394 varia
1982 2378 1997 2398 ,

343 2418 427 2463 nisi
450 2433 502 2465 ex
522 2422 661 2479 varijs
676 2417 973 2468 humoribus,
998 2417 1173 2479 quibus
1197 2412 1488 2465 nutriuntur,
1513 2413 1648 2462 ficuti
1672 2427 1725 2458 ex
1746 2413 2005 2477 multiplici

344 2484 453 2531 cibo
473 2489 626 2549 magis
647 2488 974 2538 multicolores
996 2482 1100 2532 snut
1120 2481 1277 2547 Vespae
1299 2495 1442 2544 quam
1467 2486 1593 2545 Apes
1616 2511 1630 2532 >
1648 2479 1808 2545 inquit
1827 2480 2000 2529 idem...

87 2552 177 2604 sssre
190 2560 315 2605 gener
345 2552 645 2605 Aristoteles.
672 2549 674 2551 ’

83 2614 164 2658 ⁶⁴⁶⁹
197 2652 209 2659 -
484 2625 609 2670 Cum
637 2625 832 2671 Oceano
850 2617 1036 2667 misceri
1059 2617 1178 2665 hanc
1200 2614 1430 2663 diuersam
1451 2614 1706 2662 humorum
1727 2613 2001 2676 temperiem

348 2700 545 2749 argueie
565 2693 805 2754 poslumus
829 2687 854 2734 e
875 2686 1192 2735 Coralliorum
1227 2683 1482 2747 praesertim
1517 2681 1782 2733 diuerljtate
1805 2715 1816 2726 .
1866 2687 2003 2753 inue-

348 2753 544 2803 niuntur
564 2758 688 2804 enim
705 2755 986 2816 albamigra,
1005 2753 1134 2800 rosea
1150 2787 1162 2805 ,
1184 2758 1227 2799 &
1245 2764 1494 2815 purpurea,
1511 2753 1554 2795 &
1572 2748 1762 2811 quidem
1785 2764 1875 2796 non
1907 2762 1996 2793 ιω

346 2820 566 2875 distaida
582 2825 722 2877 maris
750 2826 892 2889 plaga
913 2852 928 2879 ‚
964 2819 1042 2870 sed
1067 2835 1119 2872 ex
1139 2820 1304 2872 eodem
1328 2818 1483 2883 lapide
1509 2815 1765 2880 aliquando
1803 2813 2003 2930 cgiiiun-

1886 2897 1936 2930 m
