2144 3218
118 988 187 1032 De
209 985 322 1028 Test.

120 1052 198 1096 1³38
220 1050 308 1092 359·

464 250 613 301 ‘220
789 233 808 287 f
922 224 1167 301 PARS.
1192 220 1570 301 TERTIA·

380 351 476 399 hon
497 348 641 398 toties
658 345 960 398 interlecabit
974 362 1030 397 ex
1044 349 1108 400 Ο,
1126 345 1188 395 ad
1226 350 1287 400 C:
1305 345 1499 410 quoties
1533 361 1588 395 ex
1607 348 1653 396 O
1671 341 1732 400 ad
1748 348 1810 405 A,
1822 349 1873 403 itt
1885 357 2041 419 palam

382 418 438 465 fit
454 418 504 464 in
524 416 676 480 figura
697 415 938 480 appofita.
978 419 1093 464 Non
1111 425 1270 463 tamen
1297 427 1459 462 tenore
1501 414 1775 465 inuariabili
1798 423 1869 470 lex
1909 423 2038 470 ista...-

384 484 531 536 fertur
552 484 601 532 in
627 484 869 535 Cochleis,
889 495 938 530 vt
954 481 1008 530 fit
1029 482 1076 528 iu
1100 484 1206 530 Sole
1228 513 1241 533 ,
1266 496 1407 545 quern
1429 496 1823 547 contorquentem
1847 488 1888 536 se
1910 490 2039 538 diur-

382 568 448 600 no
466 564 602 600 motu
620 549 743 599 circa
777 549 968 612 gemina
1000 548 1171 601 Mundi
1193 548 1516 611 emisphaetia,
1561 551 1780 600 obseruat
1803 556 2039 621 quisque,

383 619 632 668 inBoreali
655 615 1115 680 Emispherio,nasci
1149 615 1326 680 semper
1350 631 1403 664 ex
1438 620 1578 664 latere
1613 618 1796 667 sinistro
1817 652 1828 671 ,
1872 627 1916 669 &
1956 639 2037 670 oc-

383 687 603 734 cumbere
641 685 689 731 in
704 685 912 736 dextero,
932 684 1296 750 quia-videlicet
1313 697 1468 748 partes
1487 685 1652 748 aliquae
1671 685 1720 732 in
1743 688 2032 737 contrarium

385 753 524 803 iitum
547 766 862 817 contorquent
878 751 952 802 se.
1007 758 1063 801 In
1086 765 1254 816 quarta
1290 749 1616 803 obseruatione
1653 754 1858 817 Augusti
1905 762 2050 813 1669.

388 820 644 872 tranliniss'a
672 821 733 869 ad
757 820 985 868 celebrem
1008 819 1336 869 Aecademiam
1354 852 1368 872 ,
1407 836 1510 883 quae
1534 818 1806 868 inscribitur
1826 853 1841 869 .
1894 823 2043 884 Regia

388 890 598 938 Societas
635 889 848 951 Angliae,
901 888 1003 937 duae
1027 887 1201 952 species
1238 887 1504 936 referuntur
1530 919 1542 938 ‚
1579 890 1724 935 altera
1763 887 1922 938 fimilis
1957 889 2053 936 leui

391 956 606 1008 Turbini‚
634 956 693 1003 ab
713 957 1025 1004 Aldrouando
1045 955 1265 1018 deleripti
1282 988 1293 1007 ,
1314 958 1456 1003 altera
1474 961 1646 1002 Auenae
1666 969 1831 1018 grano,
1865 957 1892 1003 a
1912 957 2054 1004 nobis

387 1025 603 1087 expolita
642 1038 769 1071 num.
793 1038 875 1083 4¹·
908 1025 958 1070 in
1001 1039 1055 1070 ea
1073 1029 1198 1070 mole
1220 1055 1232 1073 ,
1252 1037 1396 1086 quam
1423 1022 1787 1086 Microscopium
1808 1026 1952 1071 oculo
1987 1036 2057 1070 re-

393 1090 680 1156 presentauit
701 1123 715 1138 .
757 1094 863 1136 Haec
889 1092 1013 1137 ‘denis
1029 1091 1167 1153 spiris
1191 1091 1216 1134 αἱ
1232 1093 1421 1136 ‘dextera
1439 1091 1493 1134 ad
1515 1087 1733 1147 sinistram
1756 1091 2056 1141 conuoluitur,

397 1158 559 1222 inquit
597 1157 769 1204 citatus
805 1155 946 1204 Lister
976 1185 991 1203 .
1048 1155 1266 1202 Tertiam
1313 1152 1447 1201 addit
1487 1153 1658 1201 Fabius
1698 1158 1938 1203 Columna
1964 1187 1976 1205 ,
2012 1163 2058 1204 &

398 1226 644 1276 Dominus
667 1226 822 1270 Siuers
844 1220 1208 1269 Mathematicus
1233 1220 1603 1279 Hamburgenlis
1638 1220 1757 1268 dicit
1779 1239 1790 1266 ε
1842 1223 2061 1275 habere„

402 1295 450 1342 in
493 1293 577 1341 suo
621 1288 794 1338 Musoeo
831 1288 1090 1336 Cochleam
1130 1286 1385 1351 quamdam
1421 1288 1592 1333 cinerei
1630 1289 1823 1339 coloris,
1852 1305 1962 1352 quae
1998 1290 2061 1337 est

402 1362 524 1409 inter
545 1359 742 1408 nostras,
762 1355 993 1403 delineata
1016 1371 1171 1416 num.3
1192 1361 1263 1404 16.
1286 1351 1435 1414 Clas.3
1450 1387 1460 1399 .
1486 1358 1623 1403 Rarae
1646 1366 1801 1402 tamen
1822 1356 2060 1418 reperiun-

405 1443 483 1477 tur
504 1430 553 1477 in
588 1425 707 1473 mari
727 1456 740 1476 ,
778 1428 821 1470 δέ
844 1422 960 1486 quia
981 1420 1164 1471 sortasse
1188 1421 1291 1471 sunt
1308 1422 1504 1470 abortus
1524 1455 1537 1474 ,
1576 1423 1874 1485 monstraque
1904 1427 2060 1472 Natu-

407 1512 465 1544 1ae
488 1529 501 1552 ,
543 1504 793 1557 propterea
844 1505 1022 1551 magno
1065 1491 1221 1551 precio
1263 1489 1431 1535 habit-ce
1457 1500 1488 1541 3'
1508 1488 1626 1536 vnde
1652 1503 1742 1537 tres
1784 1504 1875 1552 ego
1918 1490 2022 1536 vidi
2050 1522 2064 1542 ,

404 1563 524 1614 inter
564 1560 726 1622 magni
752 1556 893 1619 pretii
930 1569 1142 1616 gemmas
1167 1587 1179 1606 ‚
1215 1552 1431 1602 afferuari
1470 1558 1498 1600 a
1535 1559 1604 1603 D..
1646 1558 1874 1604 Cornelio
1919 1556 2064 1604 Meier

407 1625 715 1679 Hoilandico,
735 1619 1059 1670 Machinarum
1081 1620 1326 1667 inuentore
1347 1653 1360 1670 ,
1381 1620 1466 1682 qui
1484 1624 1725 1681 praeterito
1744 1637 1866 1668 anno
1908 1624 2070 1685 potuit

407 1697 483 1745 hic
505 1699 667 1744 Romae
689 1690 729 1736 se
744 1701 983 1750 opponere
1023 1686 1225 1749 Tyberis
1252 1685 1502 1742 violentiae,
1524 1694 1566 1733 &
1588 1686 1838 1736 fortiffimo
1863 1704 2038 1750 agere.)
2055 1721 2071 1741 ,

408 1762 536 1828 quali
566 1772 724 1808 catena
742 1756 878 1803 illum
914 1751 1133 1803 fraenare,
1168 1769 1276 1800 cum
1297 1768 1507 1815 praeceps
1534 1753 1729 1801 irrueret
1769 1752 1828 1801 ad
1853 1755 2063 1817 aperien-

411 1834 528 1880 dum
562 1827 633 1875 illi
665 1839 790 1872 noua
813 1820 1150 1868 dilaceratione
1191 1820 1370 1869 linum,
1419 1836 1514 1866 nou
1537 1821 1596 1867 ad
1635 1821 1935 1869 conuehenda
1978 1835 2078 1870 tro-

411 1900 560 1965 phaea,
583 1890 945 1952 coronasque,vt
965 1888 1083 1935 olim
1101 1886 1264 1934 seculis
1290 1886 1534 1934 retroastzs
1554 1919 1565 1937 ,
1595 1887 1670 1933 sed
1698 1903 1746 1933 vt
1770 1887 1890 1934 viam
1937 1903 2071 1937 nouae

412 1964 572 2027 stragi,
593 1975 737 2024 quam
758 1954 1095 2004 minitabatur,
1123 1953 1425 2001 insterneret.
1479 1958 1577 2001 Iam
1620 1953 1731 2002 vero
1752 1952 1885 2016 super
1925 1954 2081 2002 obser-

409 2031 606 2083 uatione
630 2022 901 2074 huiusmodi
918 2036 1011 2068 non
1042 2019 1270 2068 existimet
1303 2019 1500 2082 aliquis,
1523 2021 1821 2069 temerarium
1853 2020 1935 2068 ess'e
1967 2038 2076 2071 cau-

414 2101 507 2149 sam
531 2093 763 2159 inquirere
777 2123 791 2136 .
830 2092 991 2136 Plures
1011 2087 1239 2138 rationes,
1259 2103 1312 2135 ac
1332 2086 1446 2133 fines
1467 2087 1662 2136 adhibet
1685 2121 1696 2140 ,
1719 2104 1827 2136 cum
1848 2102 2068 2151 operatur

149 2157 378 2212 Deinceffu
417 2173 602 2219 Natura
625 2196 639 2214 ,
675 2172 722 2206 vt
742 2154 957 2221 pluribus
980 2154 1046 2214 {in
1081 2154 1200 2202 locis
1230 2152 1562 2218 Phylosophus
1604 2154 1783 2210 afferit,
1816 2171 1923 2203 cum
1962 2157 2079 2204 nihil
2143 2176 2144 2180 ¹

153 2222 275 2268 Anim
289 2227 372 2258 θ’·
415 2234 613 2285 frustra,
642 2228 743 2275 imo
766 2222 899 2288 quod
925 2222 1097 2285 cuique
1134 2222 1426 2270 Animalium
1468 2222 1635 2283 speciei
1679 2222 1921 2285 optimum
1970 2224 2032 2271 est
2055 2252 2071 2276 ‚

416 2312 634 2368 operetur
654 2330 665 2343 .
705 2291 851 2357 Qod
874 2304 1126 2353 antequam
1164 2290 1379 2352 exigatur
1401 2287 1459 2335 ad
1479 2289 1725 2340 trutinam,
1749 2289 1967 2352 suppono
1993 2324 2006 2343 ‚
2026 2305 2081 2337 ex
2143 2334 2144 2338 ,

416 2370 583 2420 eodem
612 2360 918 2423 philosopho,
944 2371 1194 2405 commune
1215 2355 1299 2406 effe
1321 2356 1541 2404 omnibus
1569 2355 1889 2413 animantibus
1917 2387 1930 2406 ,
1974 2373 2080 2404 mo-

420 2453 523 2487 tum
543 2434 570 2480 a
587 2431 779 2477 dextera
799 2426 1140 2488 inchoat-equo
1159 2423 1284 2471 iac'to
1307 2422 1613 2471 fundamento
1638 2455 1650 2475 ,
1695 2421 1753 2469 fic
1771 2437 1920 2484 arguo
1936 2456 1948 2467 .
1989 2429 2082 2471 In„

424 2499 675 2554 extruenda
695 2492 965 2544 Turbiuatis
998 2491 1149 2540 domo
1167 2523 1179 2543 ,
1219 2489 1419 2538 debebat
1445 2495 1628 2538 Natura
1668 2487 1796 2536 illam
1818 2490 1902 2536 tali
1938 2492 2078 2552 pat-“to

425 2564 731 2622 architet'ffari,
752 2575 799 2608 vt
820 2561 879 2608 ad
904 2559 1093 2606 illorum
1123 2571 1310 2605 motum
1332 2556 1562 2620 aptissima
1583 2555 1688 2602 esset
1714 2553 1938 2603 strustura
1966 2590 1979 2602 .
2013 2559 2077 2614 Ijs
2138 2570 2139 2599 1

429 2654 544 2701 ergo
567 2650 621 2681 ex
646 2636 834 2680 Naturae
857 2626 1076 2674 instinctu
1098 2639 1283 2673 motum
1318 2624 1344 2672 a
1366 2623 1553 2672 dextera
1580 2623 1916 2671 inchoantibus
1937 2655 1951 2674 ,
1979 2628 2079 2672 nul-
2136 2664 2137 2671 ,

429 2710 529 2755 lum
551 2701 752 2748 debebat
769 2711 822 2742 ex
839 2709 892 2740 ea
921 2705 1052 2756 parte
1075 2691 1464 2755 impedimentum
1505 2691 1678 2755 apponi
1709 2724 1722 2742 ‚
1753 2689 1961 2737 sedliber
2009 2705 2091 2753 pa<
2136 2719 2137 2722 =

430 2786 526 2821 tere
564 2767 722 2817 aditus
747 2759 1025 2820 ,successi-ae
1056 2760 1291 2808 cohaerens
1317 2756 1573 2821 impulsui,
1615 2772 1669 2805 ac
1687 2756 1872 2808 motui,
1910 2772 1964 2805 ac
1985 2772 2096 2820 pro·
2134 2788 2135 2791 =

433 2852 591 2905 pterea
627 2833 828 2879 debebat
850 2827 930 2875 eise
951 2827 1158 2889 spiralis,
1203 2828 1323 2876 itaut
1359 2825 1482 2873 fae-“to
1530 2824 1672 2872 initio
1708 2825 1768 2872 ab
1791 2823 1894 2888 ipso
1933 2837 2091 2870 centro
2137 2831 2139 2836 ’

434 2907 669 2954 dexteram
693 2897 845 2946 versus
866 2894 908 2942 se
941 2907 1291 2958 contorqueret,
1312 2907 1462 2960 eoque
1495 2892 1660 2939 ordine
1702 2892 1846 2955 vsque
1865 2890 1923 2938 ad
1947 2889 2093 2938 Orifi-

438 2974 562 3025 cium
588 2965 948 3034 progrederetur
974 2995 988 3017 ,
1020 2977 1073 3010 ex
1095 2979 1195 3027 quo
1232 2978 1327 3013 non
1346 2972 1514 3028 exigua
1537 2959 1607 3012 sui
1639 2961 1857 3029 corporis
1893 2971 2061 3030 parte)
2083 2988 2099 3008 ,

1978 3040 2052 3071 vi-
