2144 3218
787 107 989 183 GAP.
1033 107 1167 179 IX'·
1518 102 1638 194 '63

73 259 192 313 stim
211 267 336 306 nata,
355 249 480 301 certe
503 263 558 296 ex
572 241 839 296 diuersitate
857 242 1134 290 humorum,
1150 248 1358 301 quorum
1379 230 1739 305 sedimentunrq

79 326 140 377 ad
159 319 370 373 diuersos
392 315 711 368 Coralliorum
728 309 923 375 cespites
941 304 1091 355 semen
1117 303 1276 369 posuit
1298 334 1310 354 ‚
1329 301 1625 365 praebuitque
1654 301 1744 348 ali-

75 405 321 444 mentum,
366 402 421 436 vt
444 384 644 432 feliciter
685 381 733 429 in
762 375 957 443 propria
997 372 1144 438 specie
1177 371 1349 434 singuli
1387 370 1704 433 germinarent
1725 395 1742 412 .

84 465 198 510 Haec
226 456 333 504 vero
359 455 615 503 humorum
650 446 941 496 necess‘ariam
992 439 1325 506 separationem
1351 449 1455 485 tum
1490 436 1743 484 accidere-2

83 524 395 593 probabiliter
411 520 528 569 mihi
542 515 815 583 persuadeo,
829 525 941 559 cum
965 509 1109 557 maris
1130 506 1268 557 aestus
1291 520 1386 553 non
1409 502 1530 553 adeo
1561 503 1710 551 feruet
1727 531 1745 554 ,

82 602 128 644 &
146 591 300 655 magis
325 586 531 652 frigescit
550 619 563 640 ‚
596 583 732 632 sicuti
771 578 989 626 videmus
1025 575 1288 635 Balsamum
1313 571 1645 637 Egyptiacum
1667 568 1746 617 di·-

78 663 206 712 stum
244 657 360 704 della
382 661 556 710 Merca,
588 664 712 714 aqua
735 644 889 696 calida
908 641 1112 693 diflolui,
1130 637 1611 705 penitusque-misceri
1624 670 1643 694 ,
1671 650 1751 687 ea-

85 727 194 776 dem
211 722 320 771 vero
345 720 623 784 frigescente
642 713 840 780 separari
859 713 907 760 in
937 711 1137 774 globum
1163 705 1505 755 condensatum
1525 738 1541 752 .
1604 770 1615 779 θ
1714 769 1749 775 Γ

218 789 358 838 Istam
382 788 492 836 vero
530 786 782 834 tinfiuram
804 781 863 830 ab
887 776 1266 827 exhalationibus
1289 807 1302 826 ,
1335 780 1379 823 &
1399 769 1750 822 minet-alium)

85 873 343 923 corporum
367 853 612 920 spiritibus
648 847 901 916 prouenire
937 843 1154 895 iudicant
1179 840 1353 895 multi,
1389 856 1498 890 curn
1530 837 1750 902 tingendi

89 928 187 974 vim
205 924 403 974 habeant
425 939 439 975 ;
465 919 687 971 nonnulli
723 935 780 967 ex
795 915 928 964 varia
965 913 1322 961 Elementorum
1337 909 1551 960 costione
1570 908 1751 955 illam.»

89 992 334 1041 deducunt
354 1007 367 1042 3
397 989 610 1054 plerique
626 987 743 1039 vero
762 982 922 1033 salinis
944 978 1243 1045 corporibus,
1258 976 1506 1030 vitrioli,&
1530 973 1754 1025 aluminis

91 1057 446 1109 adscribendam
479 1055 562 1103 effe
587 1054 850 1102 existimant
866 1075 884 1103 ›,
902 1047 1079 1114 quibus
1101 1048 1263 1095 omnia
1287 1049 1507 1110 Corpora
1550 1042 1757 1092 saturan-

88 1140 168 1189 tur
196 1157 210 1182 ,
233 1131 276 1173 δε
297 1121 590 1188 potissimum
620 1123 727 1172 salis
751 1117 1037 1170 ammoniaci
1057 1148 1073 1173 ,
1098 1115 1176 1164 cui
1198 1114 1387 1165 insitum
1419 1124 1593 1178 putant
1625 1112 1757 1158 colo-

86 1208 192 1259 rum
213 1193 431 1241 omnium
455 1190 774 1242 seminarium,
795 1186 880 1251 qui
903 1185 952 1232 in
974 1183 1178 1234 eiusdem
1198 1183 1332 1231 fumo
1354 1212 1371 1239 ,
1408 1196 1518 1229 cum
1537 1177 1763 1228 sublima.⁴

104 1260 183 1311 tur
203 1260 331 1323 igne,
359 1255 599 1306 manifeste
617 1271 842 1320 apparent
858 1287 872 1299 .
908 1249 998 1300 Sed
1023 1266 1077 1298 ne
1100 1250 1159 1296 ab
1178 1249 1395 1298 instituto
1415 1246 1577 1295 nostro
1612 1243 1760 1293 disce-

97 1318 266 1395 damus
290 1357 305 1377 2
343 1327 512 1372 harum·
524 1322 811 1387 opinionum
848 1333 1036 1368 examen
1063 1317 1293 1366 ommitto
1311 1351 1324 1363 .
1360 1314 1438 1366 Ad
1459 1318 1761 1364 Lucernam-.-

97 1392 223 1449 enim
247 1391 460 1439 Cleantis
486 1391 534 1435 in
561 1390 855 1436 abditissimo
884 1400 1016 1432 terra:
1040 1396 1176 1431 antro
1191 1387 1354 1432 labore
1376 1383 1602 1444 improbo
1631 1394 1762 1427 men·-

98 1471 193 1507 tem
214 1456 544 1504 damnaremus
560 1457 668 1502 otio
706 1452 917 1504 iucundo
940 1450 1175 1512 priuatam
1200 1483 1211 1502 ‚
1230 1466 1332 1513 quo
1354 1450 1402 1496 in
1421 1449 1564 1496 maris
1581 1447 1760 1494 litore-2

93 1525 156 1575 ad
185 1524 335 1574 animi
377 1521 714 1574 relaxationem
762 1517 963 1570 minime
1018 1517 1381 1583 vituperabilem
1426 1518 1663 1584 coepimus
1694 1512 1763 1580 fe-⁴

94 1592 207 1643 xiari
234 1624 247 1638 .

238 1662 469 1722 suppono
488 1656 637 1721 igitur
653 1671 762 1705 cum
784 1657 1011 1721 Agricola
1036 1652 1173 1703 mista
1218 1650 1302 1701 esse
1335 1669 1445 1703 cum
1468 1668 1593 1720 aqua
1619 1651 1766 1702 maris

104 1738 315 1776 ramenta
336 1725 545 1790 plurima
577 1726 876 1772 mineralium
896 1759 909 1780 ‚
951 1730 993 1772 ἃ
1016 1722 1273 1786 particulas
1306 1720 1468 1772 salium
1492 1754 1506 1775 ,
1539 1721 1655 1770 nitri
1674 1755 1686 1768 .
1718 1726 1764 1768 «Sc

103 1794 384 1845 aluminum,
403 1809 506 1858 quae
529 1790 722 1855 quidem
748 1790 940 1855 agnosci
963 1790 1166 1855 possunt,
1191 1788 1446 1853 praesertim
1461 1788 1767 1839 sublimatio,

103 1873 162 1909 ne
178 1859 422 1910 infornace
460 1858 703 1923 spagyrica
726 1858 948 1911 obterit-223
983 1873 1037 1906 ex
1058 1871 1154 1921 qua
1183 1855 1483 1907 diuersorum
1505 1871 1766 1922 corporum

104 1925 327 1975 mistione
364 1924 612 1974 necessario
633 1925 876 1976 diuersitas
904 1928 1121 1975 colorum
1155 1957 1167 1977 ,
1204 1924 1491 1991 &saporum
1525 1925 1730 1976 nascitur
1750 1955 1766 1975 9

101 2010 212 2043 cum
258 1993 453 2042 rubrum
476 1991 689 2040 Rubrica
709 2024 722 2042 ,
759 1993 992 2041 &flauum
1020 1994 1180 2042 Ochra
1219 1994 1543 2043 communicet
1563 2029 1576 2049 ,
1627 1991 1766 2042 sicuti

104 2061 227 2110 alios
265 2063 450 2108 colores
468 2057 748 2123 Rubigines,
775 2057 912 2110 Salia,
945 2065 988 2105 ὃ(
1011 2060 1253 2108 Biturnina
1283 2061 1560 2123 producunt
1582 2090 1595 2105 .
1639 2062 1768 2107 Hinc

101 2143 228 2191 aqua
249 2126 414 2177 Fontis
433 2127 712 2188 Tungrenlis
731 2125 839 2188 igne
858 2123 1101 2188 supposito
1123 2124 1349 2175 ebulliens
1369 2125 1574 2175 rubescit
1596 2158 1608 2179 ,
1627 2131 1768 2189 Aqua

106 2196 212 2245 Nili
245 2192 507 2257 aeruginosa
527 2202 721 2256 apparet
757 2204 973 2255 tempore
993 2192 1244 2244 siccitatis,
1286 2192 1335 2241 in
1363 2198 1469 2244 lacu
1487 2193 1771 2244 Babilonico

109 2261 277 2311 calidis
294 2261 533 2309 mens-ibus
568 2259 722 2310 rubet,
745 2265 790 2307 &
810 2273 1035 2323 quamuis
1048 2263 1206 2309 multae
1224 2276 1358 2324 aquae
1387 2260 1639 2326 perspicuae
1661 2261 1771 2311 sint,

107 2336 153 2379 &
182 2332 314 2377 clarae
333 2361 346 2382 ,
366 2331 531 2378 alueos
569 2341 725 2376 tamen
739 2326 1055 2376 diuerfimode
1086 2329 1277 2391 tingunt
1307 2345 1320 2382 ς
1356 2329 1484 2378 Hinc
1513 2332 1563 2376 in
1598 2319 1793 2378 fontes·¹

107 2398 302 2445 Theano
340 2396 562 2461 proximo
581 2398 742 2445 alueus
784 2393 1076 2444 rubicundus
1107 2409 1335 2459 apparet,
1371 2403 1417 2446 δι
1438 2398 1662 2462 litargirij
1692 2396 1774 2444 de-

112 2465 317 2518 costum,
335 2480 441 2513 cum
466 2478 598 2527 aquae
621 2478 746 2526 purae
768 2461 1043 2512 infunditur
1062 2496 1074 2515 ‚
1104 2477 1152 2511 vt
1175 2465 1246 2512 lac
1267 2464 1478 2520 albescit,
1507 2472 1552 2513 δε
1569 2463 1779 2513 conden-

113 2529 241 2579 satur
272 2562 286 2575 .
317 2535 386 2579 Ex
402 2532 580 2595 quibus
607 2529 717 2578 latis
740 2530 956 2594 arguitur
977 2531 1297 2582 cochlearum
1316 2532 1453 2583 testas
1484 2533 1677 2582 diuerfis
1695 2545 1781 2579 co-

112 2597 298 2646 loribus
325 2599 460 2663 pingi
483 2595 609 2662 pofl'e
627 2598 686 2646 ab
705 2598 843 2662 aquis
862 2598 1075 2652 marinis,
1093 2615 1183 2664 pro
1197 2599 1467 2650 diuersitate
1486 2613 1739 2666 corporum
1761 2629 1779 2652 2

117 2666 410 2729 quibusipsae
439 2666 716 2714 inficiuntur
735 2698 750 2712 .

176 2796 184 2805 ·
248 2734 529 2796 Negandum
547 2747 705 2782 autem
729 2749 826 2781 non
848 2733 911 2783 est
948 2737 1234 2784 macularum
1252 2734 1574 2783 diuet-litatem
1609 2731 1779 2799 posse-5

119 2810 264 2846 etiam
284 2800 343 2848 ab
364 2800 649 2853 extrinsecis,
670 2807 715 2848 &
737 2800 1107 2851 accidentalibus
1129 2804 1277 2854 caulis
1308 2802 1520 2851 deriuare
1544 2818 1557 2854 3
1577 2804 1645 2849 vel
1665 2799 1783 2865 quia

116 2865 379 2918 humiditas
404 2867 584 2932 frigore
604 2867 856 2920 exsiccetur
881 2901 896 2925 ,
914 2875 986 2923 vel
1007 2870 1123 2936 quia
1145 2868 1170 2920 ἐ
1188 2870 1316 2921 varia
1338 2871 1509 2922 caloris
1546 2870 1782 2916 cocturas.-

1586 2949 1740 2987 varia·
