<?xml version="1.0" encoding="UTF-8"?>
<!DOCTYPE html PUBLIC "-//W3C//DTD XHTML 1.0 Transitional//EN"
    "http://www.w3.org/TR/xhtml1/DTD/xhtml1-transitional.dtd">
<html xmlns="http://www.w3.org/1999/xhtml" xml:lang="en" lang="en">
 <head>
  <title>
</title>
<meta http-equiv="Content-Type" content="text/html;charset=utf-8" />
  <meta name='ocr-system' content='tesseract 3.04.00' />
  <meta name='ocr-capabilities' content='ocr_page ocr_carea ocr_par ocr_line ocrx_word'/>
</head>
<body>
  <div class='ocr_page' id='page_1' title='image "./recreatiomentise00buon_0126.png"; bbox 0 0 2144 3218; ppageno 0'>
   <div class='ocr_carea' id='block_1_1' title="bbox 470 3 1584 100">
    <p class='ocr_par' dir='ltr' id='par_1_1' title="bbox 470 3 1584 100">
     <span class='ocr_line' id='line_1_1' title="bbox 470 3 1584 100; baseline -0.006 -12"><span class='ocrx_word' id='word_1_1' title='bbox 470 19 558 100; x_wconf 85' lang='lat'>&#39;98</span> <span class='ocrx_word' id='word_1_2' title='bbox 861 6 1088 82; x_wconf 82' lang='lat' dir='ltr'>PARS</span> <span class='ocrx_word' id='word_1_3' title='bbox 1137 3 1584 93; x_wconf 60' lang='lat' dir='ltr'><strong>SEQVNDA</strong></span> 
     </span>
    </p>
   </div>
   <div class='ocr_carea' id='block_1_2' title="bbox 377 148 2081 2758">
    <p class='ocr_par' dir='ltr' id='par_1_2' title="bbox 377 148 2081 2758">
     <span class='ocr_line' id='line_1_2' title="bbox 425 148 2037 238; baseline -0.001 -38"><span class='ocrx_word' id='word_1_4' title='bbox 425 174 457 238; x_wconf 83' lang='lat'>3</span> <span class='ocrx_word' id='word_1_5' title='bbox 534 148 733 201; x_wconf 84' lang='lat' dir='ltr'>Concha</span> <span class='ocrx_word' id='word_1_6' title='bbox 750 148 917 202; x_wconf 68' lang='lat' dir='ltr'>Peflen</span> <span class='ocrx_word' id='word_1_7' title='bbox 939 149 1063 202; x_wconf 61' lang='lat' dir='ltr'>diua</span> <span class='ocrx_word' id='word_1_8' title='bbox 1079 151 1143 200; x_wconf 88' lang='lat' dir='ltr'>ob</span> <span class='ocrx_word' id='word_1_9' title='bbox 1163 149 1502 216; x_wconf 71' lang='lat' dir='ltr'>Stria⁸‚quibus</span> <span class='ocrx_word' id='word_1_10' title='bbox 1517 157 1720 209; x_wconf 64' lang='lat' dir='ltr'>Peainis</span> <span class='ocrx_word' id='word_1_11' title='bbox 1737 158 1940 208; x_wconf 87' lang='lat' dir='ltr'>formam</span> <span class='ocrx_word' id='word_1_12' title='bbox 1959 170 2037 206; x_wconf 66' lang='lat' dir='ltr'>ex-</span> 
     </span>
     <span class='ocr_line' id='line_1_3' title="bbox 533 216 2033 280; baseline -0.001 -15"><span class='ocrx_word' id='word_1_13' title='bbox 533 216 681 269; x_wconf 84' lang='lat' dir='ltr'>hibet.</span> <span class='ocrx_word' id='word_1_14' title='bbox 700 216 861 268; x_wconf 65' lang='lat' dir='ltr'>Italice*</span> <span class='ocrx_word' id='word_1_15' title='bbox 881 217 1057 268; x_wconf 88' lang='lat' dir='ltr'>dicitur</span> <span class='ocrx_word' id='word_1_16' title='bbox 1079 222 1232 280; x_wconf 81' lang='lat' dir='ltr'>Cappa</span> <span class='ocrx_word' id='word_1_17' title='bbox 1246 217 1520 278; x_wconf 64' lang='lat' dir='ltr'>sanblasfiue‘</span> <span class='ocrx_word' id='word_1_18' title='bbox 1540 225 1587 274; x_wconf 72' lang='lat' dir='ltr'>di·</span> <span class='ocrx_word' id='word_1_19' title='bbox 1608 230 1882 276; x_wconf 43' lang='lat' dir='ltr'>&amp;Gramma</span> <span class='ocrx_word' id='word_1_20' title='bbox 1907 227 2033 274; x_wconf 58' lang='grc' dir='ltr'>Μαι-</span> 
     </span>
     <span class='ocr_line' id='line_1_4' title="bbox 377 283 2036 357; baseline 0.003 -23"><span class='ocrx_word' id='word_1_21' title='bbox 377 285 525 348; x_wconf 84' lang='lat' dir='ltr'>tiplcx</span> <span class='ocrx_word' id='word_1_22' title='bbox 546 285 610 334; x_wconf 86' lang='lat' dir='ltr'>est</span> <span class='ocrx_word' id='word_1_23' title='bbox 632 285 905 336; x_wconf 86' lang='lat' dir='ltr'>huiusmodi</span> <span class='ocrx_word' id='word_1_24' title='bbox 926 283 1095 347; x_wconf 79' lang='lat' dir='ltr'>species</span> <span class='ocrx_word' id='word_1_25' title='bbox 1111 314 1124 329; x_wconf 88' lang='lat'><strong>.</strong></span> <span class='ocrx_word' id='word_1_26' title='bbox 1163 284 1277 333; x_wconf 83' lang='lat' dir='ltr'>Haec</span> <span class='ocrx_word' id='word_1_27' title='bbox 1296 285 1548 335; x_wconf 79' lang='lat' dir='ltr'>maximam</span> <span class='ocrx_word' id='word_1_28' title='bbox 1566 292 1981 357; x_wconf 82' lang='lat' dir='ltr'>repraesentat‚quae</span> <span class='ocrx_word' id='word_1_29' title='bbox 2008 292 2036 338; x_wconf 73' lang='lat' dir='ltr'>a</span> 
     </span>
     <span class='ocr_line' id='line_1_5' title="bbox 381 350 2032 416; baseline 0.001 -16"><span class='ocrx_word' id='word_1_30' title='bbox 381 352 567 401; x_wconf 86' lang='lat' dir='ltr'>summo</span> <span class='ocrx_word' id='word_1_31' title='bbox 588 353 774 401; x_wconf 84' lang='lat' dir='ltr'>cardine</span> <span class='ocrx_word' id='word_1_32' title='bbox 794 352 855 401; x_wconf 87' lang='lat' dir='ltr'>ad</span> <span class='ocrx_word' id='word_1_33' title='bbox 877 352 1022 397; x_wconf 88' lang='lat' dir='ltr'>imam</span> <span class='ocrx_word' id='word_1_34' title='bbox 1042 362 1175 398; x_wconf 84' lang='lat' dir='ltr'>oram</span> <span class='ocrx_word' id='word_1_35' title='bbox 1212 350 1361 411; x_wconf 83' lang='lat' dir='ltr'>palmi</span> <span class='ocrx_word' id='word_1_36' title='bbox 1403 353 1751 416; x_wconf 73' lang='lat' dir='ltr'>longitudinem</span> <span class='ocrx_word' id='word_1_37' title='bbox 1785 361 2032 408; x_wconf 77' lang='lat' dir='ltr'>multoties</span> 
     </span>
     <span class='ocr_line' id='line_1_6' title="bbox 384 414 2038 485; baseline -0.001 -18"><span class='ocrx_word' id='word_1_38' title='bbox 384 419 569 484; x_wconf 83' lang='lat' dir='ltr'>implet,</span> <span class='ocrx_word' id='word_1_39' title='bbox 594 419 801 467; x_wconf 86' lang='lat' dir='ltr'>latitudo</span> <span class='ocrx_word' id='word_1_40' title='bbox 820 414 930 466; x_wconf 79' lang='lat' dir='ltr'>vero</span> <span class='ocrx_word' id='word_1_41' title='bbox 943 414 1004 465; x_wconf 90' lang='lat' dir='ltr'>ad</span> <span class='ocrx_word' id='word_1_42' title='bbox 1025 414 1181 463; x_wconf 87' lang='lat' dir='ltr'>vncias</span> <span class='ocrx_word' id='word_1_43' title='bbox 1203 415 1301 464; x_wconf 67' lang='lat' dir='ltr'>fere</span> <span class='ocrx_word' id='word_1_44' title='bbox 1320 416 1481 467; x_wconf 87' lang='lat' dir='ltr'>decem</span> <span class='ocrx_word' id='word_1_45' title='bbox 1503 420 1769 485; x_wconf 85' lang='lat' dir='ltr'>porrigitur</span> <span class='ocrx_word' id='word_1_46' title='bbox 1854 430 1891 473; x_wconf 83' lang='lat' dir='ltr'>E</span> <span class='ocrx_word' id='word_1_47' title='bbox 1911 425 2038 474; x_wconf 75' lang='lat' dir='ltr'>testis</span> 
     </span>
     <span class='ocr_line' id='line_1_7' title="bbox 383 482 2037 549; baseline 0.001 -13"><span class='ocrx_word' id='word_1_48' title='bbox 383 490 530 536; x_wconf 87' lang='lat' dir='ltr'>altera</span> <span class='ocrx_word' id='word_1_49' title='bbox 555 483 744 533; x_wconf 75' lang='lat' dir='ltr'>modice</span> <span class='ocrx_word' id='word_1_50' title='bbox 765 498 899 538; x_wconf 88' lang='lat' dir='ltr'>caua,</span> <span class='ocrx_word' id='word_1_51' title='bbox 921 485 1066 532; x_wconf 86' lang='lat' dir='ltr'>altera</span> <span class='ocrx_word' id='word_1_52' title='bbox 1083 484 1226 545; x_wconf 83' lang='lat' dir='ltr'>plana</span> <span class='ocrx_word' id='word_1_53' title='bbox 1249 482 1311 531; x_wconf 87' lang='lat' dir='ltr'>est</span> <span class='ocrx_word' id='word_1_54' title='bbox 1327 487 1519 535; x_wconf 87' lang='lat' dir='ltr'>alterius</span> <span class='ocrx_word' id='word_1_55' title='bbox 1543 490 1684 537; x_wconf 87' lang='lat' dir='ltr'>veluti</span> <span class='ocrx_word' id='word_1_56' title='bbox 1701 494 2037 549; x_wconf 51' lang='lat' dir='ltr'>operculum.)‚</span> 
     </span>
     <span class='ocr_line' id='line_1_8' title="bbox 381 549 2036 618; baseline -0.008 -15"><span class='ocrx_word' id='word_1_57' title='bbox 381 569 482 618; x_wconf 87' lang='lat' dir='ltr'>quo</span> <span class='ocrx_word' id='word_1_58' title='bbox 503 551 605 601; x_wconf 88' lang='lat' dir='ltr'>solo</span> <span class='ocrx_word' id='word_1_59' title='bbox 639 551 873 601; x_wconf 80' lang='lat' dir='ltr'>adhaeret.</span> <span class='ocrx_word' id='word_1_60' title='bbox 908 556 1130 615; x_wconf 84' lang='lat' dir='ltr'>Vtraeque</span> <span class='ocrx_word' id='word_1_61' title='bbox 1150 549 1270 598; x_wconf 86' lang='lat' dir='ltr'>testae</span> <span class='ocrx_word' id='word_1_62' title='bbox 1294 568 1388 615; x_wconf 85' lang='lat' dir='ltr'>qua</span> <span class='ocrx_word' id='word_1_63' title='bbox 1405 566 1537 617; x_wconf 74' lang='lat' dir='ltr'>parte</span> <span class='ocrx_word' id='word_1_64' title='bbox 1571 556 1741 605; x_wconf 49' lang='lat' dir='ltr'>aurita„</span> <span class='ocrx_word' id='word_1_65' title='bbox 1786 555 2036 606; x_wconf 64' lang='lat' dir='ltr'>strjfflores</span> 
     </span>
     <span class='ocr_line' id='line_1_9' title="bbox 386 614 2038 679; baseline -0.001 -6"><span class='ocrx_word' id='word_1_66' title='bbox 386 619 509 672; x_wconf 78' lang='lat' dir='ltr'>sunt,</span> <span class='ocrx_word' id='word_1_67' title='bbox 527 625 571 667; x_wconf 85' lang='lat'>&amp;</span> <span class='ocrx_word' id='word_1_68' title='bbox 591 619 810 668; x_wconf 76' lang='lat' dir='ltr'>fimssiter</span> <span class='ocrx_word' id='word_1_69' title='bbox 826 617 993 667; x_wconf 84' lang='lat' dir='ltr'>striatae</span> <span class='ocrx_word' id='word_1_70' title='bbox 1013 633 1027 670; x_wconf 83' lang='lat'>3</span> <span class='ocrx_word' id='word_1_71' title='bbox 1058 614 1164 679; x_wconf 86' lang='lat' dir='ltr'>ipsae</span> <span class='ocrx_word' id='word_1_72' title='bbox 1186 631 1345 667; x_wconf 85' lang='lat' dir='ltr'>autem</span> <span class='ocrx_word' id='word_1_73' title='bbox 1364 619 1492 670; x_wconf 88' lang='lat' dir='ltr'>striae</span> <span class='ocrx_word' id='word_1_74' title='bbox 1509 620 1765 675; x_wconf 83' lang='lat' dir='ltr'>admodum</span> <span class='ocrx_word' id='word_1_75' title='bbox 1788 623 1932 673; x_wconf 79' lang='lat' dir='ltr'>craffae</span> <span class='ocrx_word' id='word_1_76' title='bbox 1949 658 1962 677; x_wconf 89' lang='lat'>,</span> <span class='ocrx_word' id='word_1_77' title='bbox 1993 629 2038 671; x_wconf 89' lang='lat'>&amp;</span> 
     </span>
     <span class='ocr_line' id='line_1_10' title="bbox 387 679 2042 756; baseline -0.004 -21"><span class='ocrx_word' id='word_1_78' title='bbox 387 687 647 737; x_wconf 84' lang='lat' dir='ltr'>eminentes</span> <span class='ocrx_word' id='word_1_79' title='bbox 679 686 706 734; x_wconf 71' lang='lat' dir='ltr'>a</span> <span class='ocrx_word' id='word_1_80' title='bbox 726 684 913 735; x_wconf 85' lang='lat' dir='ltr'>cardine</span> <span class='ocrx_word' id='word_1_81' title='bbox 946 683 1184 748; x_wconf 86' lang='lat' dir='ltr'>incipiunt</span> <span class='ocrx_word' id='word_1_82' title='bbox 1201 716 1215 737; x_wconf 86' lang='lat'><em>,</em></span> <span class='ocrx_word' id='word_1_83' title='bbox 1237 690 1283 734; x_wconf 75' lang='grc' dir='ltr'>δε</span> <span class='ocrx_word' id='word_1_84' title='bbox 1300 687 1359 734; x_wconf 90' lang='lat' dir='ltr'>ad</span> <span class='ocrx_word' id='word_1_85' title='bbox 1377 686 1520 736; x_wconf 86' lang='lat' dir='ltr'>imam</span> <span class='ocrx_word' id='word_1_86' title='bbox 1559 704 1692 738; x_wconf 89' lang='lat' dir='ltr'>oram</span> <span class='ocrx_word' id='word_1_87' title='bbox 1728 693 1856 739; x_wconf 61' lang='lat' dir='ltr'>reciae</span> <span class='ocrx_word' id='word_1_88' title='bbox 1876 679 2042 756; x_wconf 60' lang='lat' dir='ltr'>prode-</span> 
     </span>
     <span class='ocr_line' id='line_1_11' title="bbox 390 750 2041 819; baseline -0.004 -17"><span class='ocrx_word' id='word_1_89' title='bbox 390 754 512 804; x_wconf 89' lang='lat' dir='ltr'>dunt</span> <span class='ocrx_word' id='word_1_90' title='bbox 529 787 542 800; x_wconf 86' lang='lat'><strong>.</strong></span> <span class='ocrx_word' id='word_1_91' title='bbox 577 754 763 802; x_wconf 82' lang='lat' dir='ltr'>Eaedem</span> <span class='ocrx_word' id='word_1_92' title='bbox 781 752 982 802; x_wconf 82' lang='lat' dir='ltr'>maiores</span> <span class='ocrx_word' id='word_1_93' title='bbox 999 750 1114 799; x_wconf 82' lang='lat' dir='ltr'>striae</span> <span class='ocrx_word' id='word_1_94' title='bbox 1153 751 1257 812; x_wconf 64' lang='lat' dir='ltr'>aliis</span> <span class='ocrx_word' id='word_1_95' title='bbox 1283 770 1478 819; x_wconf 85' lang='lat' dir='ltr'>quoque</span> <span class='ocrx_word' id='word_1_96' title='bbox 1496 755 1622 816; x_wconf 77' lang='lat' dir='ltr'>strijs</span> <span class='ocrx_word' id='word_1_97' title='bbox 1663 759 1861 806; x_wconf 76' lang='lat' dir='ltr'>minutis</span> <span class='ocrx_word' id='word_1_98' title='bbox 1908 772 2041 805; x_wconf 74' lang='lat' dir='ltr'>exor-</span> 
     </span>
     <span class='ocr_line' id='line_1_12' title="bbox 391 817 2042 884; baseline -0.004 -13"><span class='ocrx_word' id='word_1_99' title='bbox 391 835 564 871; x_wconf 81' lang='lat' dir='ltr'>nantur</span> <span class='ocrx_word' id='word_1_100' title='bbox 582 854 594 874; x_wconf 87' lang='lat'>,</span> <span class='ocrx_word' id='word_1_101' title='bbox 615 838 734 884; x_wconf 84' lang='lat' dir='ltr'>quas</span> <span class='ocrx_word' id='word_1_102' title='bbox 759 819 900 869; x_wconf 89' lang='lat' dir='ltr'>etiam</span> <span class='ocrx_word' id='word_1_103' title='bbox 921 817 1127 868; x_wconf 84' lang='lat' dir='ltr'>minutas</span> <span class='ocrx_word' id='word_1_104' title='bbox 1154 818 1203 866; x_wconf 89' lang='lat' dir='ltr'>in</span> <span class='ocrx_word' id='word_1_105' title='bbox 1227 820 1336 883; x_wconf 84' lang='lat' dir='ltr'>ipfis</span> <span class='ocrx_word' id='word_1_106' title='bbox 1358 822 1584 870; x_wconf 84' lang='lat' dir='ltr'>auriculis</span> <span class='ocrx_word' id='word_1_107' title='bbox 1609 856 1621 876; x_wconf 88' lang='lat'>‚</span> <span class='ocrx_word' id='word_1_108' title='bbox 1647 830 1691 872; x_wconf 71' lang='grc' dir='ltr'>δε</span> <span class='ocrx_word' id='word_1_109' title='bbox 1710 823 2042 875; x_wconf 72' lang='lat' dir='ltr'>incaualiculis</span> 
     </span>
     <span class='ocr_line' id='line_1_13' title="bbox 389 886 2043 950; baseline -0.001 -11"><span class='ocrx_word' id='word_1_110' title='bbox 389 889 721 939; x_wconf 77' lang='lat' dir='ltr'>obseruamus·</span> <span class='ocrx_word' id='word_1_111' title='bbox 758 893 812 937; x_wconf 91' lang='lat' dir='ltr'>In</span> <span class='ocrx_word' id='word_1_112' title='bbox 833 899 1026 950; x_wconf 84' lang='lat' dir='ltr'>vtraque</span> <span class='ocrx_word' id='word_1_113' title='bbox 1047 886 1160 934; x_wconf 80' lang='lat' dir='ltr'>testa</span> <span class='ocrx_word' id='word_1_114' title='bbox 1192 886 1251 934; x_wconf 85' lang='lat' dir='ltr'>ad</span> <span class='ocrx_word' id='word_1_115' title='bbox 1277 887 1488 937; x_wconf 88' lang='lat' dir='ltr'>medium</span> <span class='ocrx_word' id='word_1_116' title='bbox 1528 891 1765 939; x_wconf 81' lang='lat' dir='ltr'>cardinem</span> <span class='ocrx_word' id='word_1_117' title='bbox 1791 892 1953 939; x_wconf 83' lang='lat' dir='ltr'>fimilis</span> <span class='ocrx_word' id='word_1_118' title='bbox 1986 891 2043 938; x_wconf 86' lang='lat' dir='ltr'>fi-</span> 
     </span>
     <span class='ocr_line' id='line_1_14' title="bbox 386 951 2035 1020; baseline -0.001 -13"><span class='ocrx_word' id='word_1_119' title='bbox 386 973 476 1008; x_wconf 82' lang='lat' dir='ltr'>nus</span> <span class='ocrx_word' id='word_1_120' title='bbox 506 959 689 1020; x_wconf 82' lang='lat' dir='ltr'>amplus</span> <span class='ocrx_word' id='word_1_121' title='bbox 707 953 985 1020; x_wconf 86' lang='lat' dir='ltr'>pyriformis</span> <span class='ocrx_word' id='word_1_122' title='bbox 1008 952 1070 1001; x_wconf 88' lang='lat' dir='ltr'>est</span> <span class='ocrx_word' id='word_1_123' title='bbox 1089 985 1103 1006; x_wconf 92' lang='lat'>‚</span> <span class='ocrx_word' id='word_1_124' title='bbox 1124 951 1195 1002; x_wconf 87' lang='lat' dir='ltr'>ibi</span> <span class='ocrx_word' id='word_1_125' title='bbox 1218 953 1359 1017; x_wconf 80' lang='lat' dir='ltr'>niger</span> <span class='ocrx_word' id='word_1_126' title='bbox 1378 955 1573 1019; x_wconf 88' lang='lat' dir='ltr'>quidam</span> <span class='ocrx_word' id='word_1_127' title='bbox 1591 972 1760 1006; x_wconf 90' lang='lat' dir='ltr'>neruus</span> <span class='ocrx_word' id='word_1_128' title='bbox 1785 959 1932 1006; x_wconf 82' lang='lat' dir='ltr'>finum</span> <span class='ocrx_word' id='word_1_129' title='bbox 1955 973 2035 1006; x_wconf 85' lang='lat' dir='ltr'>oc·</span> 
     </span>
     <span class='ocr_line' id='line_1_15' title="bbox 386 1018 2044 1089; baseline -0.002 -16"><span class='ocrx_word' id='word_1_130' title='bbox 386 1037 545 1089; x_wconf 86' lang='lat' dir='ltr'>cupat‚</span> <span class='ocrx_word' id='word_1_131' title='bbox 569 1023 817 1088; x_wconf 80' lang='lat' dir='ltr'>ipsumque</span> <span class='ocrx_word' id='word_1_132' title='bbox 830 1021 1068 1072; x_wconf 85' lang='lat' dir='ltr'>cardinem</span> <span class='ocrx_word' id='word_1_133' title='bbox 1094 1018 1299 1069; x_wconf 71' lang='lat' dir='ltr'>maxime</span> <span class='ocrx_word' id='word_1_134' title='bbox 1335 1021 1561 1070; x_wconf 77' lang='lat' dir='ltr'>obfirmat</span> <span class='ocrx_word' id='word_1_135' title='bbox 1578 1056 1592 1072; x_wconf 87' lang='lat'><strong>.</strong></span> <span class='ocrx_word' id='word_1_136' title='bbox 1631 1029 1764 1077; x_wconf 82' lang='lat' dir='ltr'>Intus</span> <span class='ocrx_word' id='word_1_137' title='bbox 1791 1024 1915 1073; x_wconf 87' lang='lat' dir='ltr'>albet</span> <span class='ocrx_word' id='word_1_138' title='bbox 1935 1058 1946 1076; x_wconf 89' lang='lat'>,</span> <span class='ocrx_word' id='word_1_139' title='bbox 1968 1039 2044 1070; x_wconf 83' lang='lat' dir='ltr'>cx·</span> 
     </span>
     <span class='ocr_line' id='line_1_16' title="bbox 385 1085 2042 1146; baseline -0.002 -6"><span class='ocrx_word' id='word_1_140' title='bbox 385 1104 457 1141; x_wconf 81' lang='lat' dir='ltr'>tra</span> <span class='ocrx_word' id='word_1_141' title='bbox 489 1106 545 1137; x_wconf 84' lang='lat' dir='ltr'>ex</span> <span class='ocrx_word' id='word_1_142' title='bbox 574 1090 771 1146; x_wconf 80' lang='lat' dir='ltr'>a1bido,</span> <span class='ocrx_word' id='word_1_143' title='bbox 815 1092 881 1135; x_wconf 91' lang='lat' dir='ltr'>vel</span> <span class='ocrx_word' id='word_1_144' title='bbox 906 1085 1100 1135; x_wconf 81' lang='lat' dir='ltr'>rufescit</span> <span class='ocrx_word' id='word_1_145' title='bbox 1119 1118 1131 1138; x_wconf 89' lang='lat'><strong>‚</strong></span> <span class='ocrx_word' id='word_1_146' title='bbox 1176 1091 1246 1134; x_wconf 91' lang='lat' dir='ltr'>vel</span> <span class='ocrx_word' id='word_1_147' title='bbox 1286 1088 1563 1138; x_wconf 79' lang='lat' dir='ltr'>beluaceum</span> <span class='ocrx_word' id='word_1_148' title='bbox 1587 1094 1795 1139; x_wconf 87' lang='lat' dir='ltr'>colorem</span> <span class='ocrx_word' id='word_1_149' title='bbox 1838 1092 2042 1138; x_wconf 84' lang='lat' dir='ltr'>ostentat</span> 
     </span>
     <span class='ocr_line' id='line_1_17' title="bbox 383 1151 2045 1220; baseline -0.007 -11"><span class='ocrx_word' id='word_1_150' title='bbox 383 1157 579 1209; x_wconf 86' lang='lat' dir='ltr'>maculis</span> <span class='ocrx_word' id='word_1_151' title='bbox 596 1155 882 1219; x_wconf 77' lang='lat' dir='ltr'>rubiginosis</span> <span class='ocrx_word' id='word_1_152' title='bbox 898 1186 921 1216; x_wconf 31' lang='lat'>,⁵</span> <span class='ocrx_word' id='word_1_153' title='bbox 936 1165 1020 1202; x_wconf 87' lang='lat' dir='ltr'>aut</span> <span class='ocrx_word' id='word_1_154' title='bbox 1038 1151 1297 1202; x_wconf 84' lang='lat' dir='ltr'>cruentatis</span> <span class='ocrx_word' id='word_1_155' title='bbox 1318 1186 1335 1211; x_wconf 90' lang='lat'>,</span> <span class='ocrx_word' id='word_1_156' title='bbox 1353 1161 1393 1201; x_wconf 73' lang='lat' dir='ltr'>&lt;Sc</span> <span class='ocrx_word' id='word_1_157' title='bbox 1417 1156 1462 1200; x_wconf 87' lang='lat' dir='ltr'>in</span> <span class='ocrx_word' id='word_1_158' title='bbox 1497 1156 1655 1217; x_wconf 82' lang='lat' dir='ltr'>girum</span> <span class='ocrx_word' id='word_1_159' title='bbox 1673 1157 1910 1220; x_wconf 69' lang='lat' dir='ltr'>dispositis</span> <span class='ocrx_word' id='word_1_160' title='bbox 1954 1157 2045 1204; x_wconf 53' lang='lat' dir='ltr'>in„</span> 
     </span>
     <span class='ocr_line' id='line_1_18' title="bbox 381 1219 2037 1289; baseline -0.002 -13"><span class='ocrx_word' id='word_1_161' title='bbox 381 1227 595 1276; x_wconf 80' lang='lat' dir='ltr'>striarum</span> <span class='ocrx_word' id='word_1_162' title='bbox 615 1223 829 1289; x_wconf 85' lang='lat' dir='ltr'>partibus</span> <span class='ocrx_word' id='word_1_163' title='bbox 849 1219 1265 1270; x_wconf 81' lang='lat' dir='ltr'>eminentioribus.</span> <span class='ocrx_word' id='word_1_164' title='bbox 1301 1225 1354 1269; x_wconf 89' lang='lat' dir='ltr'>In</span> <span class='ocrx_word' id='word_1_165' title='bbox 1373 1221 1466 1270; x_wconf 87' lang='lat' dir='ltr'>illis</span> <span class='ocrx_word' id='word_1_166' title='bbox 1487 1222 1611 1274; x_wconf 78' lang='lat' dir='ltr'>vero,</span> <span class='ocrx_word' id='word_1_167' title='bbox 1634 1239 1734 1286; x_wconf 71' lang='lat' dir='ltr'>quat</span> <span class='ocrx_word' id='word_1_168' title='bbox 1769 1224 1816 1269; x_wconf 84' lang='lat' dir='ltr'>in</span> <span class='ocrx_word' id='word_1_169' title='bbox 1845 1226 2037 1272; x_wconf 84' lang='lat' dir='ltr'>Oceano</span> 
     </span>
     <span class='ocr_line' id='line_1_19' title="bbox 384 1286 2044 1358; baseline -0.004 -17"><span class='ocrx_word' id='word_1_170' title='bbox 384 1307 666 1358; x_wconf 77' lang='lat' dir='ltr'>generantur</span> <span class='ocrx_word' id='word_1_171' title='bbox 684 1325 696 1345; x_wconf 88' lang='lat'>,</span> <span class='ocrx_word' id='word_1_172' title='bbox 732 1290 843 1340; x_wconf 84' lang='lat' dir='ltr'>testa</span> <span class='ocrx_word' id='word_1_173' title='bbox 860 1290 964 1341; x_wconf 84' lang='lat' dir='ltr'>haec</span> <span class='ocrx_word' id='word_1_174' title='bbox 982 1291 1122 1353; x_wconf 87' lang='lat' dir='ltr'>plana</span> <span class='ocrx_word' id='word_1_175' title='bbox 1157 1286 1317 1336; x_wconf 87' lang='lat' dir='ltr'>multis</span> <span class='ocrx_word' id='word_1_176' title='bbox 1338 1289 1582 1337; x_wconf 85' lang='lat' dir='ltr'>coloribus</span> <span class='ocrx_word' id='word_1_177' title='bbox 1618 1290 1744 1338; x_wconf 71' lang='lat' dir='ltr'>varie*</span> <span class='ocrx_word' id='word_1_178' title='bbox 1761 1304 2012 1340; x_wconf 82' lang='lat' dir='ltr'>exornatur</span> <span class='ocrx_word' id='word_1_179' title='bbox 2029 1320 2044 1342; x_wconf 91' lang='lat'>‚</span> 
     </span>
     <span class='ocr_line' id='line_1_20' title="bbox 380 1354 2045 1415; baseline -0.004 -6"><span class='ocrx_word' id='word_1_180' title='bbox 380 1361 491 1410; x_wconf 85' lang='lat' dir='ltr'>albo</span> <span class='ocrx_word' id='word_1_181' title='bbox 510 1360 741 1408; x_wconf 77' lang='lat' dir='ltr'>videlicet,</span> <span class='ocrx_word' id='word_1_182' title='bbox 764 1359 925 1412; x_wconf 88' lang='lat' dir='ltr'>rubro,</span> <span class='ocrx_word' id='word_1_183' title='bbox 943 1354 1656 1415; x_wconf 80' lang='lat' dir='ltr'>cameolo‚rutilo,igneo,flauo‚</span> <span class='ocrx_word' id='word_1_184' title='bbox 1680 1356 2045 1409; x_wconf 82' lang='lat' dir='ltr'>citrino,russ&#39;eo‚</span> 
     </span>
     <span class='ocr_line' id='line_1_21' title="bbox 383 1418 2051 1488; baseline -0.004 -12"><span class='ocrx_word' id='word_1_185' title='bbox 383 1426 624 1477; x_wconf 75' lang='lat' dir='ltr'>subminio</span> <span class='ocrx_word' id='word_1_186' title='bbox 650 1459 662 1478; x_wconf 86' lang='lat'><em>‚</em></span> <span class='ocrx_word' id='word_1_187' title='bbox 690 1426 701 1473; x_wconf 92' lang='lat' dir='ltr'>i</span> <span class='ocrx_word' id='word_1_188' title='bbox 706 1424 837 1488; x_wconf 67' lang='lat' dir='ltr'>isque</span> <span class='ocrx_word' id='word_1_189' title='bbox 860 1421 1083 1470; x_wconf 87' lang='lat' dir='ltr'>omnibus</span> <span class='ocrx_word' id='word_1_190' title='bbox 1105 1418 1231 1468; x_wconf 89' lang='lat' dir='ltr'>miro</span> <span class='ocrx_word' id='word_1_191' title='bbox 1269 1418 1474 1469; x_wconf 89' lang='lat' dir='ltr'>ludentis</span> <span class='ocrx_word' id='word_1_192' title='bbox 1498 1425 1691 1472; x_wconf 75' lang='lat' dir='ltr'>Naturae</span> <span class='ocrx_word' id='word_1_193' title='bbox 1727 1423 1933 1472; x_wconf 75' lang='lat' dir='ltr'>artificio</span> <span class='ocrx_word' id='word_1_194' title='bbox 1974 1421 2051 1470; x_wconf 89' lang='lat' dir='ltr'>di-</span> 
     </span>
     <span class='ocr_line' id='line_1_22' title="bbox 382 1489 943 1555; baseline -0.018 -10"><span class='ocrx_word' id='word_1_195' title='bbox 382 1491 647 1545; x_wconf 66' lang='lat' dir='ltr'>uersunode‘</span> <span class='ocrx_word' id='word_1_196' title='bbox 665 1489 904 1555; x_wconf 80' lang='lat' dir='ltr'>dispositis</span> <span class='ocrx_word' id='word_1_197' title='bbox 929 1522 943 1535; x_wconf 88' lang='lat'><strong><em>.</em></strong></span> 
     </span>
     <span class='ocr_line' id='line_1_23' title="bbox 432 1550 2040 1645; baseline -0.005 -36"><span class='ocrx_word' id='word_1_198' title='bbox 432 1585 478 1645; x_wconf 68' lang='lat'>4</span> <span class='ocrx_word' id='word_1_199' title='bbox 548 1566 662 1609; x_wconf 86' lang='lat' dir='ltr'>Pars</span> <span class='ocrx_word' id='word_1_200' title='bbox 686 1558 889 1606; x_wconf 86' lang='lat' dir='ltr'>eiusdem</span> <span class='ocrx_word' id='word_1_201' title='bbox 908 1550 1110 1619; x_wconf 84' lang='lat' dir='ltr'>gibbosa</span> <span class='ocrx_word' id='word_1_202' title='bbox 1129 1552 1177 1599; x_wconf 90' lang='lat' dir='ltr'>in</span> <span class='ocrx_word' id='word_1_203' title='bbox 1199 1555 1397 1616; x_wconf 82' lang='lat' dir='ltr'>longum</span> <span class='ocrx_word' id='word_1_204' title='bbox 1422 1552 1580 1601; x_wconf 84' lang='lat' dir='ltr'>striata</span> <span class='ocrx_word' id='word_1_205' title='bbox 1597 1555 1755 1601; x_wconf 86' lang='lat' dir='ltr'>colore</span> <span class='ocrx_word' id='word_1_206' title='bbox 1787 1553 1894 1600; x_wconf 83' lang='lat' dir='ltr'>alba</span> <span class='ocrx_word' id='word_1_207' title='bbox 1914 1588 1925 1606; x_wconf 91' lang='lat'>,</span> <span class='ocrx_word' id='word_1_208' title='bbox 1951 1553 2040 1603; x_wconf 73' lang='lat' dir='ltr'>ali-</span> 
     </span>
     <span class='ocr_line' id='line_1_24' title="bbox 581 1618 2044 1691; baseline -0.004 -17"><span class='ocrx_word' id='word_1_209' title='bbox 581 1624 774 1691; x_wconf 85' lang='lat' dir='ltr'>quando</span> <span class='ocrx_word' id='word_1_210' title='bbox 796 1625 932 1687; x_wconf 85' lang='lat' dir='ltr'>nigra</span> <span class='ocrx_word' id='word_1_211' title='bbox 955 1654 966 1674; x_wconf 89' lang='lat'>,</span> <span class='ocrx_word' id='word_1_212' title='bbox 984 1618 1187 1684; x_wconf 55' lang='lat' dir='ltr'>perfecte</span> <span class='ocrx_word' id='word_1_213' title='bbox 1208 1620 1376 1682; x_wconf 83' lang='lat' dir='ltr'>vbique</span> <span class='ocrx_word' id='word_1_214' title='bbox 1398 1621 1634 1668; x_wconf 77' lang='lat' dir='ltr'>clauditur</span> <span class='ocrx_word' id='word_1_215' title='bbox 1656 1623 1885 1682; x_wconf 81' lang='lat' dir='ltr'>operculo</span> <span class='ocrx_word' id='word_1_216' title='bbox 1906 1636 2044 1669; x_wconf 82' lang='lat' dir='ltr'>exce-</span> 
     </span>
     <span class='ocr_line' id='line_1_25' title="bbox 387 1686 2047 1760; baseline -0.005 -15"><span class='ocrx_word' id='word_1_217' title='bbox 387 1696 485 1760; x_wconf 87' lang='lat' dir='ltr'>ptis</span> <span class='ocrx_word' id='word_1_218' title='bbox 504 1694 746 1745; x_wconf 83' lang='lat' dir='ltr'>auriculis,</span> <span class='ocrx_word' id='word_1_219' title='bbox 769 1694 817 1740; x_wconf 89' lang='lat' dir='ltr'>in</span> <span class='ocrx_word' id='word_1_220' title='bbox 836 1690 1012 1756; x_wconf 83' lang='lat' dir='ltr'>quibus</span> <span class='ocrx_word' id='word_1_221' title='bbox 1035 1699 1200 1750; x_wconf 85' lang='lat' dir='ltr'>patent</span> <span class='ocrx_word' id='word_1_222' title='bbox 1216 1686 1396 1733; x_wconf 83' lang='lat' dir='ltr'>rimulae</span> <span class='ocrx_word' id='word_1_223' title='bbox 1415 1717 1428 1741; x_wconf 89' lang='lat'>,</span> <span class='ocrx_word' id='word_1_224' title='bbox 1451 1701 1654 1748; x_wconf 86' lang='lat' dir='ltr'>quarum</span> <span class='ocrx_word' id='word_1_225' title='bbox 1691 1688 1835 1732; x_wconf 85' lang='lat' dir='ltr'>altera</span> <span class='ocrx_word' id='word_1_226' title='bbox 1855 1689 2047 1737; x_wconf 86' lang='lat' dir='ltr'>Animal</span> 
     </span>
     <span class='ocr_line' id='line_1_26' title="bbox 388 1752 1882 1827; baseline -0.009 -16"><span class='ocrx_word' id='word_1_227' title='bbox 388 1764 553 1827; x_wconf 84' lang='lat' dir='ltr'>exugit</span> <span class='ocrx_word' id='word_1_228' title='bbox 569 1763 834 1816; x_wconf 81' lang='lat' dir='ltr'>humorem,</span> <span class='ocrx_word' id='word_1_229' title='bbox 852 1772 952 1822; x_wconf 90' lang='lat' dir='ltr'>quo</span> <span class='ocrx_word' id='word_1_230' title='bbox 979 1755 1202 1805; x_wconf 80' lang='lat' dir='ltr'>nutritur,</span> <span class='ocrx_word' id='word_1_231' title='bbox 1222 1755 1366 1801; x_wconf 87' lang='lat' dir='ltr'>altera</span> <span class='ocrx_word' id='word_1_232' title='bbox 1382 1752 1539 1812; x_wconf 75' lang='lat' dir='ltr'>reijcit</span> <span class='ocrx_word' id='word_1_233' title='bbox 1561 1765 1850 1799; x_wconf 78' lang='lat' dir='ltr'>excrementa</span> <span class='ocrx_word' id='word_1_234' title='bbox 1869 1785 1882 1798; x_wconf 90' lang='lat'><strong>.</strong></span> 
     </span>
     <span class='ocr_line' id='line_1_27' title="bbox 432 1819 2055 1912; baseline -0.005 -36"><span class='ocrx_word' id='word_1_235' title='bbox 432 1852 476 1912; x_wconf 76' lang='lat'><em>5</em></span> <span class='ocrx_word' id='word_1_236' title='bbox 552 1829 719 1878; x_wconf 75' lang='grc' dir='ltr'>Ρεᾶεη</span> <span class='ocrx_word' id='word_1_237' title='bbox 746 1825 867 1886; x_wconf 76' lang='lat' dir='ltr'>strijs</span> <span class='ocrx_word' id='word_1_238' title='bbox 902 1819 1034 1870; x_wconf 73' lang='lat' dir='ltr'>valde</span> <span class='ocrx_word' id='word_1_239' title='bbox 1073 1819 1272 1868; x_wconf 86' lang='lat' dir='ltr'>minutis</span> <span class='ocrx_word' id='word_1_240' title='bbox 1313 1819 1521 1883; x_wconf 73' lang='lat' dir='ltr'>lignatus</span> <span class='ocrx_word' id='word_1_241' title='bbox 1537 1848 1552 1868; x_wconf 80' lang='grc'><strong>.</strong></span> <span class='ocrx_word' id='word_1_242' title='bbox 1608 1824 1663 1867; x_wconf 90' lang='lat' dir='ltr'>In</span> <span class='ocrx_word' id='word_1_243' title='bbox 1684 1831 1877 1883; x_wconf 87' lang='lat' dir='ltr'>vtraque</span> <span class='ocrx_word' id='word_1_244' title='bbox 1899 1819 2055 1868; x_wconf 73' lang='lat' dir='ltr'>testa-2</span> 
     </span>
     <span class='ocr_line' id='line_1_28' title="bbox 582 1885 2054 1958; baseline -0.007 -14"><span class='ocrx_word' id='word_1_245' title='bbox 582 1892 823 1958; x_wconf 84' lang='lat' dir='ltr'>aequaliter</span> <span class='ocrx_word' id='word_1_246' title='bbox 854 1886 1084 1954; x_wconf 86' lang='lat' dir='ltr'>gibbosus</span> <span class='ocrx_word' id='word_1_247' title='bbox 1107 1919 1120 1939; x_wconf 87' lang='lat'>‚</span> <span class='ocrx_word' id='word_1_248' title='bbox 1150 1888 1406 1950; x_wconf 83' lang='lat' dir='ltr'>aliquando</span> <span class='ocrx_word' id='word_1_249' title='bbox 1429 1887 1478 1934; x_wconf 86' lang='lat' dir='ltr'>in</span> <span class='ocrx_word' id='word_1_250' title='bbox 1503 1902 1596 1934; x_wconf 88' lang='lat' dir='ltr'>vno</span> <span class='ocrx_word' id='word_1_251' title='bbox 1618 1919 1630 1940; x_wconf 86' lang='lat'>‚</span> <span class='ocrx_word' id='word_1_252' title='bbox 1660 1885 1918 1949; x_wconf 85' lang='lat' dir='ltr'>aliquando</span> <span class='ocrx_word' id='word_1_253' title='bbox 1963 1887 2054 1937; x_wconf 53' lang='lat' dir='ltr'>in„</span> 
     </span>
     <span class='ocr_line' id='line_1_29' title="bbox 389 1952 2048 2024; baseline -0.013 -11"><span class='ocrx_word' id='word_1_254' title='bbox 389 1976 594 2024; x_wconf 69' lang='lat' dir='ltr'>Vtroque</span> <span class='ocrx_word' id='word_1_255' title='bbox 616 1965 757 2010; x_wconf 86' lang='lat' dir='ltr'>latere</span> <span class='ocrx_word' id='word_1_256' title='bbox 777 1958 959 2008; x_wconf 85' lang='lat' dir='ltr'>auritus</span> <span class='ocrx_word' id='word_1_257' title='bbox 975 1988 989 2003; x_wconf 89' lang='lat'><strong>.</strong></span> <span class='ocrx_word' id='word_1_258' title='bbox 1025 1959 1079 2001; x_wconf 88' lang='lat' dir='ltr'>In</span> <span class='ocrx_word' id='word_1_259' title='bbox 1100 1954 1241 2001; x_wconf 84' lang='lat' dir='ltr'>litore</span> <span class='ocrx_word' id='word_1_260' title='bbox 1257 1952 1549 2018; x_wconf 86' lang='lat' dir='ltr'>Aquitanico</span> <span class='ocrx_word' id='word_1_261' title='bbox 1575 1952 1810 2015; x_wconf 86' lang='lat' dir='ltr'>frequens,</span> <span class='ocrx_word' id='word_1_262' title='bbox 1838 1954 1922 2000; x_wconf 90' lang='lat' dir='ltr'>sub</span> <span class='ocrx_word' id='word_1_263' title='bbox 1946 1969 2048 2002; x_wconf 84' lang='lat' dir='ltr'>are-</span> 
     </span>
     <span class='ocr_line' id='line_1_30' title="bbox 391 2017 2052 2090; baseline -0.011 -9"><span class='ocrx_word' id='word_1_264' title='bbox 391 2047 466 2088; x_wconf 87' lang='lat' dir='ltr'>na,</span> <span class='ocrx_word' id='word_1_265' title='bbox 486 2040 535 2076; x_wconf 87' lang='lat' dir='ltr'>vt</span> <span class='ocrx_word' id='word_1_266' title='bbox 556 2027 732 2080; x_wconf 64' lang='lat' dir='ltr'>tellina⁵</span> <span class='ocrx_word' id='word_1_267' title='bbox 748 2023 957 2090; x_wconf 85' lang='lat' dir='ltr'>pascitur</span> <span class='ocrx_word' id='word_1_268' title='bbox 973 2054 987 2069; x_wconf 86' lang='lat'><em>.</em></span> <span class='ocrx_word' id='word_1_269' title='bbox 1057 2019 1336 2071; x_wconf 86' lang='lat' dir='ltr'>Multicolor</span> <span class='ocrx_word' id='word_1_270' title='bbox 1380 2030 1575 2082; x_wconf 82' lang='lat' dir='ltr'>apparet</span> <span class='ocrx_word' id='word_1_271' title='bbox 1594 2050 1607 2071; x_wconf 87' lang='lat'>‚</span> <span class='ocrx_word' id='word_1_272' title='bbox 1648 2017 1903 2082; x_wconf 84' lang='lat' dir='ltr'>omnesque</span> <span class='ocrx_word' id='word_1_273' title='bbox 1920 2025 2052 2069; x_wconf 82' lang='lat' dir='ltr'>c010.</span> 
     </span>
     <span class='ocr_line' id='line_1_31' title="bbox 391 2085 2058 2159; baseline -0.007 -11"><span class='ocrx_word' id='word_1_274' title='bbox 391 2114 464 2148; x_wconf 87' lang='lat' dir='ltr'>res</span> <span class='ocrx_word' id='word_1_275' title='bbox 499 2099 682 2145; x_wconf 80' lang='lat' dir='ltr'>calamo</span> <span class='ocrx_word' id='word_1_276' title='bbox 702 2095 895 2159; x_wconf 83' lang='lat' dir='ltr'>pingere</span> <span class='ocrx_word' id='word_1_277' title='bbox 916 2085 1197 2154; x_wconf 75' lang='lat' dir='ltr'>impossibiie</span> <span class='ocrx_word' id='word_1_278' title='bbox 1218 2087 1281 2135; x_wconf 86' lang='lat' dir='ltr'>est</span> <span class='ocrx_word' id='word_1_279' title='bbox 1304 2119 1317 2132; x_wconf 93' lang='lat'>.</span> <span class='ocrx_word' id='word_1_280' title='bbox 1355 2090 1537 2134; x_wconf 87' lang='lat' dir='ltr'>Multos</span> <span class='ocrx_word' id='word_1_281' title='bbox 1561 2086 1686 2133; x_wconf 89' lang='lat' dir='ltr'>enim</span> <span class='ocrx_word' id='word_1_282' title='bbox 1704 2087 1935 2135; x_wconf 83' lang='lat' dir='ltr'>candidus</span> <span class='ocrx_word' id='word_1_283' title='bbox 1975 2104 2058 2137; x_wconf 88' lang='lat' dir='ltr'>co-</span> 
     </span>
     <span class='ocr_line' id='line_1_32' title="bbox 389 2151 2055 2219; baseline -0.01 -3"><span class='ocrx_word' id='word_1_284' title='bbox 389 2165 515 2218; x_wconf 88' lang='lat' dir='ltr'>lorin</span> <span class='ocrx_word' id='word_1_285' title='bbox 555 2177 735 2210; x_wconf 59' lang='lat' dir='ltr'>externa</span> <span class='ocrx_word' id='word_1_286' title='bbox 760 2159 877 2208; x_wconf 81' lang='lat' dir='ltr'>facie</span> <span class='ocrx_word' id='word_1_287' title='bbox 897 2157 1096 2212; x_wconf 82' lang='lat' dir='ltr'>dealbat,</span> <span class='ocrx_word' id='word_1_288' title='bbox 1126 2156 1306 2202; x_wconf 86' lang='lat' dir='ltr'>multos</span> <span class='ocrx_word' id='word_1_289' title='bbox 1335 2151 1521 2202; x_wconf 77' lang='lat' dir='ltr'>vinosus</span> <span class='ocrx_word' id='word_1_290' title='bbox 1560 2153 1681 2217; x_wconf 85' lang='lat' dir='ltr'>tegit</span> <span class='ocrx_word' id='word_1_291' title='bbox 1705 2187 1717 2206; x_wconf 86' lang='lat'>‚</span> <span class='ocrx_word' id='word_1_292' title='bbox 1742 2152 2055 2219; x_wconf 81' lang='lat' dir='ltr'>inficiuntque</span> 
     </span>
     <span class='ocr_line' id='line_1_33' title="bbox 398 2220 2051 2289; baseline -0.008 -8"><span class='ocrx_word' id='word_1_293' title='bbox 398 2235 522 2284; x_wconf 81' lang='lat' dir='ltr'>alios</span> <span class='ocrx_word' id='word_1_294' title='bbox 541 2233 723 2279; x_wconf 86' lang='lat' dir='ltr'>colores</span> <span class='ocrx_word' id='word_1_295' title='bbox 746 2225 913 2275; x_wconf 66' lang='lat' dir='ltr'>diuersi</span> <span class='ocrx_word' id='word_1_296' title='bbox 936 2237 1058 2289; x_wconf 85' lang='lat' dir='ltr'>aqua</span> <span class='ocrx_word' id='word_1_297' title='bbox 1074 2220 1202 2285; x_wconf 83' lang='lat' dir='ltr'>q&#39;uafi</span> <span class='ocrx_word' id='word_1_298' title='bbox 1226 2220 1372 2269; x_wconf 88' lang='lat' dir='ltr'>diluti</span> <span class='ocrx_word' id='word_1_299' title='bbox 1393 2253 1405 2273; x_wconf 91' lang='lat'>‚</span> <span class='ocrx_word' id='word_1_300' title='bbox 1426 2227 1469 2268; x_wconf 82' lang='lat'><strong>&amp;</strong></span> <span class='ocrx_word' id='word_1_301' title='bbox 1487 2221 1800 2283; x_wconf 66' lang='lat' dir='ltr'>pulcherrime*</span> <span class='ocrx_word' id='word_1_302' title='bbox 1822 2234 2051 2285; x_wconf 85' lang='lat' dir='ltr'>tempera-</span> 
     </span>
     <span class='ocr_line' id='line_1_34' title="bbox 398 2286 2047 2360; baseline -0.007 -10"><span class='ocrx_word' id='word_1_303' title='bbox 398 2302 456 2354; x_wconf 67' lang='lat' dir='ltr'>ti,</span> <span class='ocrx_word' id='word_1_304' title='bbox 477 2299 558 2360; x_wconf 82' lang='lat' dir='ltr'>alij</span> <span class='ocrx_word' id='word_1_305' title='bbox 579 2297 688 2345; x_wconf 74' lang='lat' dir='ltr'>vero</span> <span class='ocrx_word' id='word_1_306' title='bbox 708 2295 823 2343; x_wconf 83' lang='lat' dir='ltr'>veste</span> <span class='ocrx_word' id='word_1_307' title='bbox 845 2295 990 2358; x_wconf 88' lang='lat' dir='ltr'>pulla,</span> <span class='ocrx_word' id='word_1_308' title='bbox 1015 2295 1057 2338; x_wconf 83' lang='grc' dir='ltr'>δι</span> <span class='ocrx_word' id='word_1_309' title='bbox 1073 2286 1355 2352; x_wconf 81' lang='lat' dir='ltr'>rubiginosa</span> <span class='ocrx_word' id='word_1_310' title='bbox 1390 2300 1635 2352; x_wconf 87' lang='lat' dir='ltr'>teguntur,</span> <span class='ocrx_word' id='word_1_311' title='bbox 1659 2303 1803 2352; x_wconf 84' lang='lat' dir='ltr'>quam</span> <span class='ocrx_word' id='word_1_312' title='bbox 1827 2287 2012 2339; x_wconf 84' lang='lat' dir='ltr'>lineolae</span> <span class='ocrx_word' id='word_1_313' title='bbox 2032 2322 2047 2342; x_wconf 86' lang='lat'>‚</span> 
     </span>
     <span class='ocr_line' id='line_1_35' title="bbox 402 2354 2065 2426; baseline -0.008 -10"><span class='ocrx_word' id='word_1_314' title='bbox 402 2367 581 2417; x_wconf 71' lang='lat' dir='ltr'>vndulae</span> <span class='ocrx_word' id='word_1_315' title='bbox 601 2396 615 2418; x_wconf 86' lang='lat'>‚</span> <span class='ocrx_word' id='word_1_316' title='bbox 652 2363 888 2426; x_wconf 57' lang='lat' dir='ltr'>&amp;puncta</span> <span class='ocrx_word' id='word_1_317' title='bbox 929 2360 1091 2408; x_wconf 81' lang='lat' dir='ltr'>heluea</span> <span class='ocrx_word' id='word_1_318' title='bbox 1120 2387 1133 2408; x_wconf 76' lang='grc'><em>,</em></span> <span class='ocrx_word' id='word_1_319' title='bbox 1163 2357 1377 2405; x_wconf 82' lang='lat' dir='ltr'>oleacina.</span> <span class='ocrx_word' id='word_1_320' title='bbox 1407 2387 1422 2407; x_wconf 89' lang='lat'>‚</span> <span class='ocrx_word' id='word_1_321' title='bbox 1465 2358 1533 2403; x_wconf 82' lang='lat' dir='ltr'>vel</span> <span class='ocrx_word' id='word_1_322' title='bbox 1566 2354 1702 2405; x_wconf 82' lang='lat' dir='ltr'>furna</span> <span class='ocrx_word' id='word_1_323' title='bbox 1738 2355 1857 2403; x_wconf 73' lang='lat' dir='ltr'>mire</span> <span class='ocrx_word' id='word_1_324' title='bbox 1901 2356 2065 2404; x_wconf 83' lang='lat' dir='ltr'>discri-</span> 
     </span>
     <span class='ocr_line' id='line_1_36' title="bbox 403 2422 2062 2486; baseline -0.014 0"><span class='ocrx_word' id='word_1_325' title='bbox 403 2436 586 2486; x_wconf 85' lang='lat' dir='ltr'>minant</span> <span class='ocrx_word' id='word_1_326' title='bbox 628 2463 641 2477; x_wconf 84' lang='lat'><em>.</em></span> <span class='ocrx_word' id='word_1_327' title='bbox 695 2436 809 2480; x_wconf 90' lang='lat' dir='ltr'>Pars</span> <span class='ocrx_word' id='word_1_328' title='bbox 864 2439 1021 2478; x_wconf 86' lang='lat' dir='ltr'>autem</span> <span class='ocrx_word' id='word_1_329' title='bbox 1059 2437 1269 2472; x_wconf 88' lang='lat' dir='ltr'>concaua</span> <span class='ocrx_word' id='word_1_330' title='bbox 1330 2422 1587 2486; x_wconf 87' lang='lat' dir='ltr'>aliquando</span> <span class='ocrx_word' id='word_1_331' title='bbox 1619 2422 1876 2471; x_wconf 86' lang='lat' dir='ltr'>violaceum</span> <span class='ocrx_word' id='word_1_332' title='bbox 1924 2455 1938 2474; x_wconf 84' lang='lat'>‚</span> <span class='ocrx_word' id='word_1_333' title='bbox 1974 2423 2062 2471; x_wconf 79' lang='lat' dir='ltr'>ali-</span> 
     </span>
     <span class='ocr_line' id='line_1_37' title="bbox 403 2486 2066 2568; baseline -0.013 -17"><span class='ocrx_word' id='word_1_334' title='bbox 403 2500 596 2568; x_wconf 85' lang='lat' dir='ltr'>quando</span> <span class='ocrx_word' id='word_1_335' title='bbox 610 2497 909 2547; x_wconf 74' lang='lat' dir='ltr'>mustelinam</span> <span class='ocrx_word' id='word_1_336' title='bbox 928 2528 941 2548; x_wconf 85' lang='grc'>,</span> <span class='ocrx_word' id='word_1_337' title='bbox 960 2500 1004 2543; x_wconf 78' lang='grc' dir='ltr'>δι</span> <span class='ocrx_word' id='word_1_338' title='bbox 1022 2490 1215 2540; x_wconf 84' lang='lat' dir='ltr'>burrum</span> <span class='ocrx_word' id='word_1_339' title='bbox 1236 2488 1488 2539; x_wconf 90' lang='lat' dir='ltr'>ostendunt</span> <span class='ocrx_word' id='word_1_340' title='bbox 1508 2521 1520 2542; x_wconf 89' lang='lat'>‚</span> <span class='ocrx_word' id='word_1_341' title='bbox 1544 2491 1687 2537; x_wconf 86' lang='lat' dir='ltr'>veluti</span> <span class='ocrx_word' id='word_1_342' title='bbox 1709 2486 1951 2539; x_wconf 80' lang='lat' dir='ltr'>(andracca</span> <span class='ocrx_word' id='word_1_343' title='bbox 1967 2494 2066 2556; x_wconf 66' lang='lat' dir='ltr'>pel-</span> 
     </span>
     <span class='ocr_line' id='line_1_38' title="bbox 404 2568 614 2620; baseline -0.033 0"><span class='ocrx_word' id='word_1_344' title='bbox 404 2568 614 2620; x_wconf 72' lang='lat' dir='ltr'>lucidos.</span> 
     </span>
     <span class='ocr_line' id='line_1_39' title="bbox 568 2620 2074 2690; baseline -0.011 -6"><span class='ocrx_word' id='word_1_345' title='bbox 568 2632 734 2684; x_wconf 72' lang='lat' dir='ltr'>Peeten</span> <span class='ocrx_word' id='word_1_346' title='bbox 754 2628 882 2690; x_wconf 84' lang='lat' dir='ltr'>quasi</span> <span class='ocrx_word' id='word_1_347' title='bbox 901 2628 1066 2690; x_wconf 87' lang='lat' dir='ltr'>planus</span> <span class='ocrx_word' id='word_1_348' title='bbox 1091 2656 1106 2678; x_wconf 89' lang='lat'>‚</span> <span class='ocrx_word' id='word_1_349' title='bbox 1148 2622 1377 2673; x_wconf 82' lang='lat' dir='ltr'>auriculas</span> <span class='ocrx_word' id='word_1_350' title='bbox 1423 2620 1596 2670; x_wconf 86' lang='lat' dir='ltr'>habens</span> <span class='ocrx_word' id='word_1_351' title='bbox 1619 2622 1645 2669; x_wconf 76' lang='lat' dir='ltr'>a</span> <span class='ocrx_word' id='word_1_352' title='bbox 1664 2623 1840 2671; x_wconf 85' lang='lat' dir='ltr'>caeteris</span> <span class='ocrx_word' id='word_1_353' title='bbox 1860 2622 2074 2671; x_wconf 76' lang='lat' dir='ltr'>differen-</span> 
     </span>
     <span class='ocr_line' id='line_1_40' title="bbox 597 2689 2081 2758; baseline -0.007 -9"><span class='ocrx_word' id='word_1_354' title='bbox 597 2713 686 2756; x_wconf 80' lang='lat' dir='ltr'>tes,</span> <span class='ocrx_word' id='word_1_355' title='bbox 703 2707 750 2742; x_wconf 81' lang='lat' dir='ltr'>vt</span> <span class='ocrx_word' id='word_1_356' title='bbox 766 2693 1024 2758; x_wconf 81' lang='lat' dir='ltr'>plurimum</span> <span class='ocrx_word' id='word_1_357' title='bbox 1047 2696 1174 2741; x_wconf 85' lang='lat' dir='ltr'>luteo</span> <span class='ocrx_word' id='word_1_358' title='bbox 1191 2693 1366 2750; x_wconf 87' lang='lat' dir='ltr'>colore,</span> <span class='ocrx_word' id='word_1_359' title='bbox 1394 2689 1631 2741; x_wconf 84' lang='lat' dir='ltr'>inuenitur</span> <span class='ocrx_word' id='word_1_360' title='bbox 1648 2691 1788 2744; x_wconf 81' lang='lat' dir='ltr'>etiam</span> <span class='ocrx_word' id='word_1_361' title='bbox 1803 2692 1954 2741; x_wconf 80' lang='lat' dir='ltr'>albus,</span> <span class='ocrx_word' id='word_1_362' title='bbox 1976 2690 2081 2739; x_wconf 86' lang='lat' dir='ltr'>tha-</span> 
     </span>
    </p>
   </div>
   <div class='ocr_carea' id='block_1_3' title="bbox 413 2756 2021 2874">
    <p class='ocr_par' dir='ltr' id='par_1_3' title="bbox 413 2756 2021 2874">
     <span class='ocr_line' id='line_1_41' title="bbox 413 2756 1335 2827; baseline -0.011 -11"><span class='ocrx_word' id='word_1_363' title='bbox 413 2763 601 2820; x_wconf 81' lang='lat' dir='ltr'>laffinus</span> <span class='ocrx_word' id='word_1_364' title='bbox 623 2799 638 2827; x_wconf 84' lang='lat'><em>‚</em></span> <span class='ocrx_word' id='word_1_365' title='bbox 661 2762 899 2826; x_wconf 82' lang='lat' dir='ltr'>nigricans</span> <span class='ocrx_word' id='word_1_366' title='bbox 921 2792 936 2817; x_wconf 78' lang='grc'><strong><em>,</em></strong></span> <span class='ocrx_word' id='word_1_367' title='bbox 960 2766 1005 2809; x_wconf 86' lang='lat'>&amp;</span> <span class='ocrx_word' id='word_1_368' title='bbox 1027 2756 1303 2824; x_wconf 88' lang='lat' dir='ltr'>sanguineus</span> <span class='ocrx_word' id='word_1_369' title='bbox 1323 2790 1335 2806; x_wconf 82' lang='lat'><strong>.</strong></span> 
     </span>
     <span class='ocr_line' id='line_1_42' title="bbox 1838 2823 2021 2874; baseline -0.033 0"><span class='ocrx_word' id='word_1_370' title='bbox 1838 2823 2021 2874; x_wconf 66' lang='lat' dir='ltr'>Peften</span> 
     </span>
    </p>
   </div>
  </div>
 </body>
</html>
