2144 3218
815 103 1023 180 'CAPJ
1067 102 1219 180 XI&
1256 111 1257 115 ’
1586 111 1683 205 '75

119 250 299 306 coloris
339 259 499 315 guttas
525 252 541 300 ,“
585 239 764 309 quibus
789 242 952 292 luxum
973 272 989 298 2
1022 241 1072 290 ’δι
1092 240 1260 293 fastum'
1294 243 1529 299 lastabant
1553 277 1566 299 2
1590 238 1780 294 inum-'2

115 319 392 372 ostentando
412 319 459 366 in
478 312 700 366 vestibus,
721 310 921 361 subditis
945 308 1134 359 interim
1157 313 1298 368 exosi,
1321 329 1371 363 vt
1385 312 1646 365 Alexander
1666 319 1778 362 Per-

114 389 205 439 sica
239 387 357 436 veste
382 383 716 449 clamydatns‚
757 379 951 429 summis
988 391 1145 429 autern
1179 379 1231 429 in
1267 384 1513 433 amoribus
1546 380 1736 432 habitus
1757 411 1774 434 2

118 458 229 505 cum
253 458 528 503 Graecorum
550 464 681 499 more
701 447 910 497 modeste)
935 445 1209 498 indueretur
1225 481 1239 498 .

247 522 415 571 Sunius
436 518 629 584 quidem
652 515 932 580 Conchyiijs
957 512 1018 560 vfi
1038 514 1163 564 fuere
1184 550 1197 570 ‚
1235 530 1286 565 vt
1305 519 1422 567 alibi
1437 517 1644 567 diximus
1679 516 1780 565 duo

114 589 197 638 illa
215 593 437 639 Romanae
456 586 744 650 Reipublicae
761 582 935 630 decora
972 583 1142 636 Lentis,
1165 599 1221 633 ac
1242 585 1535 650 Scipio‚cum
1562 584 1778 637 solebant

123 657 344 705 conchas
366 657 425 704 ad
451 654 665 703 Caietam
687 684 700 704 ‚
724 655 768 698 &
788 647 1041 698 Lucrinum
1059 652 1211 714 legere
1233 683 1248 705 ,
1287 659 1331 700 &
1347 655 1407 701 ad
1425 668 1614 702 omnem
1633 648 1781 703 animi

113 722 425 772 remiffionem
450 721 710 783 ludumque
758 716 1065 765 descendere.
1099 718 1315 767 Authore
1350 724 1544 769 Polluce
1568 720 1667 768 ludi
1702 732 1783 783 ge-

121 806 210 838 nus
234 789 296 838 est
328 824 342 844 ,
377 805 476 854 quo
499 788 637 838 dusta
663 787 783 834 linea
814 783 1088 847 dispertitos
1117 788 1166 833 in
1189 801 1344 851 partes
1364 803 1538 853 pueros
1560 785 1739 834 diuidit
1764 813 1781 836 2

116 873 232 907 mox
251 858 464 923 proiesto
486 856 683 904 Ostraco
705 850 799 901 flue
824 853 937 900 testa
957 884 969 903 ‚
987 867 1094 915 pars
1125 871 1228 919 quae
1251 855 1466 921 supinum
1487 863 1786 920 pro-numque.

126 927 228 972 eius
252 927 407 974 casum
427 922 654 973 diuinarit
676 955 689 974 ,
719 923 912 968 alteram
946 919 994 965 in
1018 919 1180 983 fugam
1220 923 1446 991 dilapsam
1486 922 1746 986 insequitur
1765 949 1782 971 2

127 991 440 1053 deprehensus
485 990 694 1039 confidet
720 988 916 1043 (assnum
940 989 1271 1055 nominabant)
1306 992 1570 1059 repetitque
1602 988 1787 1038 cantio-

118 1071 225 1104 nem
249 1075 339 1107 nox
358 1075 415 1105 an
438 1060 533 1105 dies
557 1060 572 1103 ζ
617 1056 784 1104 Lusum
813 1055 948 1103 istum
979 1055 1106 1119 apud
1150 1061 1417 1109 Hollandos
1440 1060 1703 1107 etiamnum
1737 1069 1792 1102 ex

118 1123 202 1172 vsu
232 1124 316 1172 efl'e
338 1123 499 1172 scribit
529 1125 872 1173 Nomenclator
894 1155 907 1175 ‚
931 1120 1184 1188 vocarique
1218 1127 1290 1174 ibi
1311 1130 1476 1194 Luysen
1493 1125 1547 1182 esl
1571 1138 1756 1192 noppem
1778 1153 1793 1174 ‚

119 1190 218 1240 fiuex
245 1192 339 1241 Nol
356 1193 412 1253 of
441 1191 515 1240 hol
538 1206 553 1244 3
593 1191 727 1256 quod
749 1190 812 1241 est
849 1191 1043 1239 Planum
1064 1191 1119 1243 ne
1137 1210 1195 1240 an
1221 1201 1401 1242 Cauum
1424 1195 1439 1240 ξ
1482 1199 1653 1241 Praeter
1672 1190 1797 1237 hunc

121 1261 327 1306 alterum
347 1257 503 1309 refert,
528 1275 628 1321 quo
659 1257 863 1306 Conchae
887 1254 1025 1323 supra
1049 1257 1338 1323 stagnantem
1357 1275 1530 1325 aquam
1550 1260 1799 1306 vehemen-

123 1338 193 1372 ter
217 1326 481 1383 iaciuntur,
507 1330 550 1372 ἃ
579 1325 732 1381 νῑὸἰοτΙ
759 1325 941 1371 dicitur
967 1323 1063 1377 ille,
1093 1327 1230 1375 cuius
1255 1329 1456 1378 Concha
1477 1343 1617 1395 aquae
1642 1323 1800 1390 super-

127 1390 283 1440 ficiem
310 1393 484 1439 leuiter
505 1405 720 1453 tangens,
737 1395 896 1452 plures
921 1389 1063 1440 saltus
1098 1392 1317 1444 ediderit,
1340 1409 1613 1456 antequam,
1633 1390 1802 1438 cessan-

122 1472 168 1504 te
196 1471 331 1504 motu
356 1489 369 1508 ,
393 1459 694 1518 demergatur
716 1457 764 1502 in
790 1468 967 1517 aquam
995 1486 1008 1498 .
1068 1459 1136 1502 Iix
1165 1456 1258 1504 hoc
1298 1471 1455 1506 autem
1480 1458 1652 1524 puerili
1684 1458 1801 1506 ludo

121 1528 269 1589 postet
290 1523 399 1585 quis
426 1523 700 1570 innumeros
742 1521 863 1584 pene*
905 1521 1110 1570 circulos
1159 1523 1408 1574 obseruare
1444 1527 1494 1574 in
1519 1542 1798 1593 aquarum...-

125 1589 366 1654 superficie
405 1588 638 1637 formatos
666 1623 678 1642 ,
720 1588 1053 1653 rationemque
1075 1591 1346 1655 excogitare
1369 1611 1380 1643 ι,
1418 1610 1502 1643 cur
1528 1594 1705 1657 semper
1729 1591 1800 1643 fa*

121 1658 207 1708 ὣς
246 1657 362 1707 noui
382 1655 632 1705 succedant
653 1690 666 1709 2
690 1673 930 1721 vnumque
953 1663 1071 1705 alter
1093 1662 1459 1723 quodammodo
1478 1662 1754 1728 insequatur
1769 1693 1783 1714 2

394 1729 532 1772 Come
557 1729 572 1772 i
597 1722 775 1784 Delfim
801 1729 1004 1790 ,quando
1024 1727 1317 1791 fannosbgno

389 1796 435 1842 A
464 1794 669 1838 marinar
691 1793 891 1839 coli'arco
932 1792 1047 1839 della
1076 1793 1260 1853 schiena

396 1855 492 1902 Che
524 1860 837 1918 s’argomentin
862 1859 910 1905 di
947 1873 1128 1923 campar
1152 1860 1219 1909 lor
1239 1864 1364 1924 legno
1383 1890 1401 1910 ο

133 1919 346 1983 Quando
379 1920 577 1968 Concha
596 1922 671 1969 vix
690 1939 863 1990 aquam
883 1924 1112 1974 abradens
1138 1959 1151 1978 ‚

397 1991 599 2051 Exiguos
617 1989 792 2047 format
825 2006 903 2054 per
940 2001 1085 2056 prima
1112 1993 1352 2042 volumina
1378 1998 1498 2057 giros

401 2059 521 2102 Mox
556 2055 795 2103 tremulum
813 2055 1031 2106 vibrans,
1052 2072 1172 2107 motu
1187 2060 1396 2119 gliscente
1413 2064 1632 2122 liquorem

399 2117 685 2184 Multiplicac
706 2123 882 2169 crebros
895 2121 1061 2180 sinuati
1083 2127 1272 2185 gurgitis
1292 2122 1464 2174 orbes:

400 2188 563 2232 ,Donec
582 2182 794 2247 postremo
837 2187 1004 2237 laxatis
1024 2189 1218 2235 circulus
1252 2192 1340 2237 oris

402 2253 650 2312 Contingat
684 2255 885 2313 geminas
922 2254 1074 2317 patulo
1095 2270 1356 2302 curuamine
1379 2260 1499 2320 ripas
1517 2290 1530 2303 .

137 2320 226 2373 Sed
251 2314 480 2368 recensere
513 2318 622 2379 quis
657 2318 839 2383 poterit
876 2334 999 2385 quot
1035 2319 1191 2367 modis
1228 2321 1507 2371 mechanicae
1535 2326 1799 2374 Facultates

139 2390 372 2440 Cochleas
387 2382 675 2432 adhibeant?
711 2389 779 2433 Ex
801 2388 910 2450 ipsis
931 2387 1122 2454 plastica
1152 2403 1225 2436 ars
1256 2390 1451 2440 conficit
1474 2396 1799 2440 Porcellanam

138 2454 372 2524 praecipue
414 2453 461 2499 in
485 2450 639 2501 Kiansi
661 2452 912 2517 prouincia
935 2456 1147 2505 Sinarum
1176 2474 1187 2501 z
1224 2456 1292 2503 ibi
1315 2459 1440 2506 enim
1464 2459 1602 2507 testas
1643 2462 1802 2508 minu«

152 2526 289 2574 ratim
315 2519 524 2570 concisas
548 2520 630 2569 sub
654 2536 777 2572 terra
811 2524 1039 2573 inlocum
1080 2524 1288 2591 aliquem
1309 2525 1602 2578 secretiorem
1639 2542 1804 2575 recon-

151 2593 288 2643 dunt,
304 2605 443 2653 quem
473 2595 611 2637 Pater
632 2589 790 2640 liberis
818 2591 912 2641 suis
948 2593 1191 2656 defigunt,
1211 2607 1353 2658 arque
1386 2596 1455 2645 ibi
1487 2595 1805 2658 octuaginta-2

143 2676 291 2710 annos
315 2670 506 2707 manent
523 2662 735 2712 occultae,
754 2676 854 2723 quo
874 2673 1088 2724 tempore
1105 2660 1280 2727 elapso,
1295 2661 1400 2724 filij,
1425 2667 1493 2711 vel
1517 2678 1707 2728 nepotes
1731 2679 1804 2710 eas

141 2742 310 2777 eruunt
333 2724 392 2774 ad
414 2723 618 2788 pretiosa
640 2726 717 2777 illa
740 2726 843 2776 vasa
860 2729 1153 2780 conficienda
1171 2762 1184 2775 .
1223 2730 1560 2781 Conficiuntur
1583 2746 1804 2783 autem-2,

141 2796 302 2860 inquit
337 2799 536 2842 Ioannes
578 2794 885 2846 Linscotanus
910 2829 923 2849 ,
945 2797 1299 2860 nauigationem
1325 2799 1615 2848 Orientalem
1641 2798 1810 2846 descri-

149 2866 284 2924 bens,
307 2876 359 2909 ex
381 2860 765 2914 duriffrraterrae
790 2863 938 2930 {pecie
959 2896 971 2919 a
990 2882 1093 2931 quae
1117 2864 1324 2915 cisternis
1342 2867 1510 2919 iniciia
1527 2880 1810 2924 maceratur,

1210 2938 1252 2983 K
1320 2950 1351 2989 2
1656 2933 1742 2981 do-

1835 1731 2024 1777 Dante„-

1834 1785 1902 1828 inf
1914 1799 1978 1830 n.

1833 1990 1911 2036 Sil.
1945 1993 2041 2036 nai.

1834 2050 1888 2087 de
1958 2050 2067 2090 beno

1835 2102 2021 2155 pundibn
2035 2114 2072 2151 3.

1831 2614 2050 2659 rauciret,

1844 2673 1958 2711 time
1977 2674 2082 2722 Por-7

1844 2727 2029 2770 cellariis.

1849 2861 1960 2916 Cap⁹
1985 2874 2047 2912 ις,
