2144 3218
451 93 978 176 PROBLEMA
1023 95 1311 170 XXXII.
1443 137 1450 167 „—
1497 113 1624 181 '25¹

455 271 983 393 'PRossLEMA
1030 259 1344 380 50<an

206 468 210 476 ¹
249 471 396 558 Cur
417 480 606 577 Pigra
648 438 1018 568 stolidique
1037 466 1367 561 Animalia
1405 468 1566 547 fint'

702 566 1105 658 Testaceasi!

155 772 263 835 Igra
305 764 414 815 sunt
435 775 493 812 ea
513 760 677 812 omnia
696 755 952 811 Anima-lia,
976 753 1079 822 qux
1105 748 1479 820 temperamento
1504 752 1591 806 suo
1609 756 1722 821 plus

59 774 151 896 P
206 834 348 901 aquei
387 832 625 897 terreique
668 828 975 884 imbuerunt,
1012 839 1158 890 quam
1182 823 1309 890 ignei
1331 857 1344 876 ‚
1383 828 1426 872 &c
1449 824 1601 876 aerei;
1640 822 1722 872 vbi

74 904 202 952 enim
225 903 383 952 minor
400 901 541 967 copia
576 895 817 964 (anguinis
840 917 865 948 ι
897 893 970 941 ibi
988 892 1129 958 copia
1150 892 1335 942 minore
1354 889 1546 941 fuerunt
1560 891 1720 948 vitales

67 969 281 1035 spiritus,
311 968 398 1033 qui
427 966 716 1034 ignis-instar
733 960 986 1013 vinidiores
1004 993 1017 1016 ,
1051 960 1298 1028 magisque
1309 958 1485 1011 affluas
1508 958 1724 1013 efficiunt

58 1054 218 1104 partes
243 1035 442 1087 viueutis
458 1070 475 1088 .
511 1034 736 1084 Testaceis
757 1028 874 1095 ergo
895 1028 1208 1093 exanguibus,
1233 1042 1376 1094 atque
1393 1043 1532 1093 aqua,
1555 1043 1608 1078 ac
1626 1042 1717 1078 ter-

60 1121 110 1153 ra
127 1103 300 1168 genitis
319 1103 457 1168 piger
493 1115 656 1152 motus
674 1134 687 1155 ‚
709 1102 939 1163 lentaeque
961 1098 1260 1162 operationes
1280 1096 1388 1146 sunt
1406 1096 1597 1146 inditae:
1639 1095 1728 1146 ada

52 1171 111 1221 de
142 1189 153 1218 z
194 1173 254 1232 ijs
272 1171 530 1223 animatam
550 1169 682 1220 illam
716 1167 935 1219 domum,
955 1165 1133 1230 semper
1156 1164 1498 1220 baiulantibus,
1518 1180 1572 1212 ex
1592 1164 1720 1213 illius

55 1240 263 1304 pondere
284 1238 461 1288 tardari
483 1251 671 1287 motum
711 1235 1013 1287 velociorem,
1039 1245 1091 1283 vt
1107 1233 1370 1298 plurimum
1392 1265 1404 1286 ,
1421 1232 1468 1280 in
1491 1231 1727 1284 vermibus

57 1305 206 1358 libere*
234 1306 566 1369 euagantibus;
587 1318 735 1371 neque
752 1302 1080 1369 pernicitatem
1103 1301 1317 1353 Piscibus
1336 1300 1729 1360 inditam‚debuit

67 1374 298 1424 Cochleis
318 1373 558 1439 impertiri
578 1376 796 1426 Natura:
835 1387 996 1420 earum
1021 1370 1147 1421 enim
1175 1403 1188 1425 .
1214 1369 1579 1437 quamplurimis
1595 1372 1733 1436 plan-

62 1454 220 1490 tarum
245 1441 387 1489 instar
413 1441 705 1490 vescentibus
724 1471 738 1493 ,
758 1440 963 1489 attracto
985 1440 1216 1488 alimento
1249 1454 1332 1501 per
1349 1453 1497 1500 poros
1537 1453 1630 1486 non
1653 1437 1733 1488 de·-

64 1509 172 1557 buit
212 1508 396 1571 imponi
437 1506 675 1555 neceffitas
695 1504 1035 1568 progrediendi
1056 1503 1117 1551 ad
1158 1504 1339 1553 vietum
1359 1503 1730 1568 quaeritandum‚

62 1587 215 1638 neque
237 1587 285 1621 vt
303 1570 515 1636 piscibus
534 1571 636 1621 dari
653 1570 819 1620 debuit
854 1570 947 1621 illis
965 1569 1196 1634 effugium
1211 1583 1501 1637 permotum
1526 1605 1539 1624 ‚
1566 1591 1666 1639 quo
1688 1574 1731 1621 se

57 1640 351 1708 proriperent
369 1639 429 1687 ab
452 1639 703 1700 infidijs,&
722 1637 977 1688 voracitate
1000 1638 1329 1701 potentiorum
1337 1654 1350 1691 ;
1374 1654 1482 1688 cum
1503 1640 1626 1692 intra
1649 1640 1730 1692 sua

66 1709 194 1773 septa
211 1707 409 1756 habeant
425 1706 472 1754 in
493 1720 724 1771 promptu
744 1704 973 1768 effugium
993 1738 1006 1757 ‚
1025 1721 1077 1755 ac
1097 1718 1414 1755 tutamentum
1431 1739 1445 1753 .

188 1778 258 1824 Ex
273 1774 438 1825 eadem
461 1773 628 1838 iuopia
653 1772 893 1838 sanguinis
914 1773 1140 1836 prouenit
1158 1773 1410 1840 stupiditas
1438 1775 1516 1824 illa
1543 1808 1555 1828 ‚
1588 1791 1730 1840 qua-³

54 1841 147 1892 illis
166 1842 386 1890 obruitur
405 1841 651 1891 Phantafia
678 1875 694 1889 .
727 1847 887 1905 Atque
910 1840 970 1889 ad
987 1840 1109 1890 hanc
1128 1842 1374 1890 veritatem
1401 1843 1724 1893 elucidandam

55 1907 237 1957 arridet
274 1907 411 1959 mihi,
437 1908 570 1971 quod
590 1909 731 1958 docet
750 1907 1083 1972 Philosophus,
1110 1909 1190 1958 vbi
1211 1908 1398 1974 quaerit,
1424 1910 1593 1960 melior
1628 1927 1724 1962 ne.)
1760 1927 1829 1969 De
1856 1942 1965 1985 pm,

56 1974 317 2024 censendus
363 1976 428 2023 fin
465 1973 652 2039 sangu1s
675 1989 811 2026 tenax
830 2007 843 2027 ,
870 1980 914 2024 &
937 1975 1150 2039 pinguis,
1175 1976 1361 2028 calidus
1378 1991 1534 2025 tamen
1561 1983 1576 2029 ξ
1608 1984 1724 2028 An..‚
1762 1983 1944 2030 Animal.

54 2042 261 2095 subtilis,
290 2048 334 2091 &
355 2042 590 2107 frigidus?
628 2042 997 2110 Respondetque
1036 2042 1160 2092 hunc
1182 2044 1336 2108 magis
1368 2046 1633 2094 conducere
1666 2046 1725 2096 ad
1760 2036 1934 2084 lib-2.c,
1958 2048 1993 2085 ί·

54 2111 295 2176 potentias
332 2110 568 2161 senfitiuas
593 2144 607 2165 ‚
632 2124 775 2176 atque
793 2108 1139 2164 intellthiuas3
1181 2111 1317 2160 illum
1339 2113 1448 2163 vero
1491 2114 1551 2162 ad
1584 2114 1724 2164 robu-
1764 2102 1889 2139 ³¹²⁸·

56 2178 198 2229 stiora
216 2179 428 2229 membra
463 2178 730 2243 effingenda
765 2197 780 2237 3
814 2193 956 2244 ,atque
998 2179 1315 2244 proportione
1335 2182 1567 2230 consimili
1589 2180 1638 2230 id
1660 2181 1728 2232 as-

62 2242 172 2294 serit
211 2247 270 2296 de
290 2247 490 2296 humore
514 2248 597 2297 illo
619 2280 632 2300 ‚
676 2245 836 2312 quiin
873 2245 1168 2313 exanguibus
1207 2247 1532 2309 Animalibus,
1556 2247 1730 2300 corres-

57 2314 238 2376 pondet
283 2313 533 2380 sanguini,
577 2314 973 2381 sanguineorum.
1028 2313 1157 2365 Hinc
1191 2315 1344 2366 oritur
1375 2317 1495 2366 inter
1533 2319 1732 2374 Anima·

60 2380 125 2430 lia
163 2383 390 2447 exanguia
437 2383 777 2448 ingeniosior-es
804 2382 890 2432 esse
924 2380 1158 2448 plerisque
1174 2388 1302 2450 Apes
1328 2417 1342 2436 ‚
1385 2401 1493 2436 cum
1529 2385 1578 2433 in
1617 2386 1724 2436 his,

63 2449 172 2496 loco
191 2449 426 2515 {anguinis
464 2449 654 2502 diffluat
690 2450 877 2501 subtilis
909 2451 1085 2500 humor
1111 2483 1125 2504 ,
1152 2453 1464 2517 quamobrem
1509 2452 1731 2503 concludi

65 2515 218 2578 potest
240 2535 252 2564 ε
288 2517 475 2570 stolidas
492 2517 576 2568 effe
602 2519 864 2573 Cochleasi
906 2518 1023 2585 quia
1048 2518 1097 2565 in
1116 2519 1191 2568 his
1208 2519 1381 2570 humor
1425 2520 1639 2585 sanguini
1663 2534 1734 2569 re-

60 2581 309 2645 spondens,
335 2584 491 2634 minus
513 2586 698 2637 subtilis
722 2618 735 2639 ,
759 2601 883 2651 aqua
899 2618 912 2638 ,
952 2601 1008 2635 ac
1025 2596 1149 2636 terra
1172 2588 1405 2638 conflatur
1425 2621 1438 2641 ‚
1483 2589 1729 2638 continens

61 2649 187 2717 solos
224 2649 415 2715 spiritus
447 2666 664 2716 potentes
693 2668 769 2703 eas
792 2653 1030 2705 animare.
1099 2657 1200 2703 Cur
1230 2667 1388 2704 autem
1432 2656 1519 2704 lint
1539 2655 1731 2705 cerebro

70 2731 223 2765 vacuae
247 2749 260 2769 ‚
297 2732 424 2784 parte
452 2724 499 2769 in
539 2736 648 2770 uam
675 2753 688 2775 ,
710 2720 758 2768 in
779 2737 874 2785 qua
892 2721 1060 2770 residet
1081 2720 1331 2770 Phantasia
1363 2722 1579 2772 sensitiua
1598 2722 1736 2774 indu-

62 2799 171 2832 cens
223 2784 283 2832 ad
325 2800 498 2850 operan
537 2804 650 2844 um,
698 2801 752 2834 ea
777 2787 927 2834 afferri
961 2786 1114 2850 potest
1137 2789 1287 2839 ratio:
1325 2789 1583 2840 cerebrum
1622 2790 1735 2840 inest

74 2851 419 2904 Animantibus
441 2853 793 2906 abundantibus
816 2852 1041 2920 sanguine
1061 2886 1074 2908 ,
1095 2870 1203 2905 cum
1223 2857 1350 2906 enim
1372 2857 1526 2923 ipsum
1558 2857 1736 2922 frigide*

1149 2927 1173 2972 I
1199 2922 1217 2971 i
1286 2941 1319 2976 ι
1644 2926 1704 2974 {it
