2144 3218
642 155 996 231 CLASSIS
1046 156 1158 225 ΠΙ.
1497 173 1622 238 147

109 327 150 381 5
201 329 205 333 -
254 308 471 354 venerea
488 292 537 342 in
564 305 647 342 ore
671 286 1051 354 Mosambiquani
1066 289 1209 339 maris
1228 290 1444 356 frequens
1461 322 1474 342 ,
1496 286 1610 337 testa
1627 284 1734 334 dua<

67 343 104 385 2
151 329 197 392 4
294 366 467 418 riffima
484 395 498 416 ‚
533 367 577 410 &
598 355 891 426 ponderosa.
939 358 1328 408 Antonomastice
1352 356 1522 420 Tigris
1559 357 1719 419 appel-

61 437 200 492 landa
237 436 422 485 videtur
445 425 638 498 propter
657 419 1060 493 macula5,quibus
1082 425 1298 492 pingitur
1319 459 1333 479 ‚
1367 422 1718 487 Inexplicabilis

60 519 217 556 autem
239 505 304 553 est
330 507 540 554 Naturae,
561 508 644 546 aut
667 496 818 546 labor,
837 504 920 542 aut
936 490 1064 542 lusus
1084 525 1099 547 ,
1120 511 1220 558 quo
1240 494 1341 544 eius
1374 490 1544 542 cortici
1577 504 1717 537 venu-

59 576 222 623 statem
244 570 432 620 addidit
457 603 469 615 .
504 562 704 616 vinoso,
726 573 774 607 vt
790 558 1050 622 plurimum
1076 561 1276 611 humore
1305 561 1490 610 imbuta
1506 591 1520 616 ,
1543 563 1587 605 &
1619 555 1720 606 san·

67 640 241 706 guinea
259 637 404 688 fascia
426 636 592 685 vittata
610 629 816 679 maculas
834 626 976 675 habet
991 626 1145 678 fuluas
1161 662 1177 688 ,
1200 629 1538 694 conchyli-atas,
1558 636 1681 674 atras
1703 654 1718 677 2.

61 706 257 756 ostrinas
277 704 393 754 alias
424 701 528 759 alijs
552 693 935 761 superimpositas
959 695 1206 760 ,variaque
1224 697 1403 746 ratione
1423 729 1438 753 ,
1459 700 1502 743 δε
1525 692 1720 741 mistura

59 774 411 823 multicolorem
433 802 446 818 .
478 772 533 816 In
553 779 634 815 ore
657 765 883 825 autem&
898 776 1030 826 parte
1051 763 1232 816 interna
1249 766 1447 817 nereum
1464 761 1718 812 candorem

53 841 253 890 ostentat
273 869 289 890 ο

67 914 188 990 265
266 904 461 955 Concha
495 899 655 950 eadem
678 897 725 945 in
745 895 863 949 duas
884 909 1040 960 partes
1063 898 1262 960 diffefia,
1305 900 1511 949 internas
1532 893 1721 948 orbium

56 996 66 1000 ,
295 966 750 1022 circumuolutiones
782 962 1105 1016 demonstrans
1126 1001 1139 1014 ,

60 1049 195 1105 266
265 1046 469 1090 venerea
490 1035 603 1086 leui,
626 1040 670 1080 &
691 1031 850 1094 fragili
873 1030 1000 1083 testa:
1027 1035 1251 1087 Fasciata,
1270 1033 1452 1084 dicitur
1473 1032 1499 1081 a
1522 1042 1728 1095 quatuor

298 1104 450 1162 fasciis
472 1101 662 1150 dorsum
686 1097 944 1148 transuerse
983 1098 1249 1151 secantibus
1269 1136 1283 1155 ‚
1319 1115 1521 1164 quarum
1561 1112 1725 1145 omnes

58 1177 244 1226 colores
265 1169 561 1237 sanguineus,
578 1166 712 1216 rufus
734 1199 747 1218 ‚
768 1171 813 1214 ὃ(
841 1165 1039 1215 citrinus
1057 1168 1374 1220 diuerfimode
1415 1165 1593 1217 confufi
1628 1164 1732 1228 pin-

59 1255 183 1307 gunt
199 1272 212 1291 .
251 1244 486 1289 Caeterum
512 1234 820 1299 vndequaque
839 1233 1021 1282 cinerea
1043 1267 1060 1291 ‚
1100 1249 1272 1299 praeter
1291 1233 1598 1300 rubiginosos
1620 1232 1733 1278 den-

58 1324 130 1356 tes
153 1340 167 1361 ‚
199 1307 375 1369 quibus
395 1305 471 1354 ori
506 1303 637 1352 labra
654 1313 868 1366 rugatur:
899 1300 948 1349 in
966 1314 1168 1356 extrema
1182 1303 1303 1353 testa:
1318 1316 1450 1368 parte
1467 1302 1638 1352 lineola
1656 1314 1738 1363 co-¹

60 1377 247 1423 chleata
265 1373 452 1421 internae
478 1369 605 1433 spirae
628 1368 928 1422 indicantur.

61 1458 191 1528 267
262 1439 432 1488 Subtili
474 1437 726 1501 fragilique
765 1436 880 1486 testa
899 1437 1205 1501 componitur
1233 1438 1331 1485 haec
1355 1437 1449 1491 alia
1471 1437 1736 1487 omnium-›-

53 1531 56 1534 -
294 1502 562 1567 longiffima
582 1534 594 1553 ‚
616 1503 871 1550 innumeris
902 1505 1024 1563 pene
1045 1502 1295 1551 coloribus.
1311 1502 1475 1563 paffim
1514 1504 1568 1552 as
1563 1502 1737 1568 persa-a

54 1568 204 1619 oculis
226 1570 489 1628 subijcitur‚
515 1581 618 1615 atro
643 1566 879 1630 praecipue
898 1598 913 1622 ,
941 1566 1224 1632 rubiginoso
1243 1600 1256 1619 2
1287 1568 1423 1618 fuluo
1442 1604 1457 1626 ‚
1476 1569 1626 1619 terreo
1655 1604 1668 1624 ‚
1692 1576 1737 1617 ἃ»

55 1637 277 1687 beluaceo
297 1672 310 1685 .
369 1635 545 1692 Fascijs
570 1632 759 1698 insuper
782 1632 1005 1682 violaceis
1039 1636 1090 1683 in
1115 1638 1314 1700 longum
1337 1636 1492 1691 duffis
1510 1670 1523 1695 ‚
1554 1644 1599 1685 &
1626 1640 1731 1695 alijs

57 1704 235 1752 melleis
280 1704 542 1754 transuerse
576 1701 948 1764 superimpofitis
978 1702 1228 1751 decoratur
1252 1736 1265 1749 .
1295 1704 1424 1754 Huic
1461 1704 1727 1769 frequentes

59 1771 153 1820 oris
178 1769 385 1819 incisurae
408 1771 682 1819 amaracino:
706 1770 865 1817 colore
885 1768 1034 1823 badio
1052 1769 1406 1835 distinguuntur
1426 1806 1439 1818 .

191 1838 420 1886 Cochleas
442 1872 457 1898 ‚
505 1854 621 1902 quas
650 1836 858 1887 diximus
879 1839 1109 1888 venereas
1132 1839 1263 1889 aliud
1301 1840 1615 1888 cochlearum
1652 1853 1734 1899 ag-

62 1917 168 1951 men
187 1904 445 1957 comitatur
468 1937 483 1960 ,
503 1922 614 1968 quae
630 1916 854 1955 vocantur
875 1911 1100 1970 Purpurae
1123 1938 1140 1964 ,
1156 1906 1290 1972 apud
1311 1912 1502 1958 Veteres
1537 1919 1734 1971 propter

57 1985 345 2034 purpureum
383 1969 574 2023 succum
613 1986 897 2036 magnopere
932 1975 1146 2038 expetitae
1171 2007 1185 2021 .
1222 1981 1328 2027 Vna
1352 1973 1544 2039 quippe
1569 1973 1732 2022 libra-³

64 2037 338 2087 huiusmodi
357 2037 548 2090 coloris,
569 2037 663 2086 fiue
688 2038 905 2086 olol‘erici
928 2042 1096 2093 eodem
1115 2040 1278 2089 infesti
1303 2074 1317 2094 ‚
1356 2047 1472 2090 tanti
1506 2041 1725 2103 quidem..-
1765 2043 1986 2102 Theopon3
2060 2083 2063 2086 Α

54 2109 184 2168 pretij
201 2117 331 2160 erac,
380 2118 439 2153 vt
463 2106 619 2168 aquali
646 2116 827 2166 argento
846 2107 1113 2168 penderetur
1133 2137 1148 2158 ,
1180 2120 1374 2164 centum
1392 2106 1616 2155 videlicet
1648 2122 1726 2155 aut·
1762 2106 1869 2150 ,arod
1916 2108 1996 2145 At-

56 2172 147 2218 reis
169 2170 377 2219 nummis
401 2202 413 2223 ‚
444 2182 494 2216 vt
519 2172 770 2218 Cornelius
794 2171 995 2235 Augusti
1019 2188 1163 2236 nepos
1179 2173 1323 2222 refert
1339 2173 1465 2235 apud
1486 2172 1693 2222 Plinium
1716 2207 1729 2219 .
1762 2152 1932 2251 &inf-ing
1954 2185 1968 2200 ·

63 2237 388 2304 Qamobrem
419 2242 575 2285 Poetae
596 2269 611 2292 ,
654 2249 705 2284 vt
723 2236 1035 2302 significarent
1069 2239 1282 2291 sauciatae
1324 2238 1529 2289 Palladis
1566 2244 1733 2289 vulnus
1760 2224 1900 2313 0233*
1931 2227 1988 2263 '¹9'

58 2306 198 2355 fascia
220 2308 374 2355 Deam
394 2304 585 2357 decente
604 2304 873 2369 alligatum,
902 2312 1190 2373 Purpuream
1229 2310 1382 2357 dixere
1402 2341 1414 2361 ,
1442 2307 1535 2355 hoc
1554 2307 1615 2355 est
1633 2323 1738 2373 pte-

64 2370 348 2423 tiofiffirnam
368 2407 380 2419 .
415 2379 657 2434 Purpurea
680 2373 851 2436 pariter
869 2374 991 2422 veste
1006 2377 1132 2438 apud
1151 2380 1402 2427 Romanos
1418 2374 1735 2429 induebantur

65 2439 304 2495 Consules,
312 2455 598 2506 purpuream
618 2441 1052 2506 milites‚Reges‚ac
1078 2443 1294 2493 Foeminae
1317 2441 1378 2492 ad
1402 2446 1563 2492 luxum
1589 2443 1741 2491 osten-

62 2507 224 2558 tabant
250 2541 261 2553 .
298 2508 624 2575 Qa'mobrem
657 2508 783 2575 apud
808 2509 1069 2558 Martialem
1118 2523 1458 2578 conquerentes
1483 2509 1540 2560 de
1564 2526 1744 2576 purpu-

63 2574 187 2625 ratio
210 2575 457 2628 Vrinatore
493 2576 629 2625 aiunt
656 2582 880 2639 Purpurae
903 2611 918 2624 .
1231 2581 1236 2584 '
1658 2577 1661 2579 “

331 2647 557 2706 Sanguine
587 2646 639 2691 de
663 2643 802 2702 nostro
822 2646 986 2693 τίηὲἳας
1004 2648 1177 2707 ingrate
1202 2649 1406 2695 lacernas
1804 2703 1810 2709 ,

331 2712 508 2761 Induis,
531 2714 586 2761 ξφ
609 2726 693 2758 non
716 2708 772 2766 est
796 2710 875 2758 hoc
889 2712 1000 2771 satis
1027 2744 1040 2763 ‚
1070 2714 1164 2772 esca
1179 2714 1334 2775 sumus
1356 2746 1369 2758 .
1764 2700 1928 2749 ¹⁴¹b‘13·

56 2783 134 2827 De
163 2782 346 2826 Zenone
368 2774 532 2827 itidem
554 2775 768 2824 referunt
794 2776 1018 2827 Historiae
1041 2811 1054 2831 ,
1080 2792 1330 2845 antequam
1352 2779 1399 2825 in
1417 2778 1740 2843 Zenophontis
1765 2763 1950 2812 0P¹ss-⁸⁷·

63 2846 304 2911 gymuafio
332 2841 653 2909 Philosophiae
675 2844 845 2892 morali
868 2861 1061 2908 operam
1080 2845 1239 2901 daret,
1281 2853 1598 2910 Purpurarum
1628 2862 1746 2894 mer-

66 2929 278 2965 caturam
311 2909 555 2959 exercuisse
580 2945 592 2966 ‚
639 2926 758 2975 quas
785 2912 966 2978 ingenti
988 2913 1178 2978 quidem
1199 2918 1330 2966 lucro
1355 2915 1558 2966 Athenis
1581 2914 1743 2960 vendi-

1057 2985 1095 3030 T
1163 2999 1193 3031 2
1528 2979 1670 3030 tass'et2
