2144 3218
104 1290 336 1345 Semele-33

109 1347 157 1387 ἃ
178 1347 237 1389 Lu
254 1359 272 1388 s
287 1354 339 1395 de

103 1399 270 1443 Semele

110 1453 285 1496 Mart-he

102 1507 209 1549 Hist.
221 1510 312 1551 de)

102 1561 273 1617 =france:

107 2000 339 2054 Hierouym

106 2055 248 2110 §ilius
259 2058 340 2108 1216

478 37 589 114 qs
703 74 705 76 -
966 35 1191 108 PARS
1243 37 1533 113 PRrMA

377 157 603 210 'candidas
625 175 856 216 venereas,
881 167 1084 220 vterinos
1103 173 1307 217 calculos
1336 171 1365 215 εὶ
1384 170 1536 232 figura
1564 171 1711 223 dictas
1725 202 1742 231 ,
1765 186 2039 241 tanquam

381 229 498 277 vteri
517 228 695 279 morbis
715 229 930 282 salutares
953 236 1131 298 pectori
1151 234 1520 297 appendunt‚seu
1541 241 1696 291 verius
1714 242 1872 293 dicam
1908 247 2044 294 luxu..

379 296 466 344 riae
482 294 797 362 superbiaeque
813 316 1061 363 praetextus
1075 300 1158 351 est,
1179 318 1283 363 quae
1309 313 1356 348 vt
1372 302 1484 357 haec,
1500 308 1544 350 &
1565 306 1655 353 alia
1687 324 2001 360 ornamenta-2
2020 345 2033 363 ,

378 377 464 410 ceu
487 364 764 414 valetudinis
798 369 952 429 gratia
972 399 983 417 ‚
1017 381 1134 414 auto
1173 380 1469 431 argentoque
1505 370 1681 419 inclusa
1720 377 2036 436 ostententur,

378 425 529 477 efficit
546 462 560 482 ‚
597 445 870 482 amatorum
890 434 1054 496 potius
1075 433 1225 482 illiciae
1246 467 1260 491 ‚
1281 451 1423 499 quarn
1444 437 1655 486 sanitatis
1671 445 1859 492 tuendae
1876 444 2042 495 instru-

378 509 555 548 menta,
577 511 659 546 aut
673 502 878 548 amuleta
891 500 1168 551 morborum
1194 535 1207 549 .

515 564 762 613 Laudabili
779 581 936 616 autem
961 567 1037 616 vsu
1083 569 1131 616 in
1160 568 1497 618 stemmatibus
1536 570 1826 621 ostentantur
1844 607 1857 625 ,
1883 579 1948 624 vel
1975 591 2048 625 ar-

371 641 548 692 gento,
589 635 658 680 vel
682 649 815 689 auro,
844 639 909 683 vel
930 636 1165 687 coloribus
1183 638 1359 687 cianeis
1388 637 1648 690 decoratae,
1670 643 1737 686 vel
1763 639 1914 702 fascijs
1931 658 2045 707 pur-

378 697 540 760 pureis
569 698 791 749 distinctae
812 736 828 760 ,
849 706 919 750 vel
942 703 1095 753 aureis
1117 705 1274 757 ‚Zonis
1319 709 1635 769 circumleptae
1659 739 1671 751 .
1732 711 2041 760 collocantur

379 762 525 813 etiam
543 765 662 814 inter
694 772 914 833 Aqui1as,
936 777 978 818 δι
995 775 1199 836 Leones„
1223 771 1514 821 Animalium
1538 773 1777 839 Principes
1799 808 1812 827 ‚
1846 777 1904 824 ad
1928 781 2044 826 cele-

377 828 593 889 brandas,
614 837 682 882 vel
706 837 938 902 Prosapiae
956 840 1236 903 dignitatem
1259 872 1271 891 ‚
1298 842 1365 886 vel
1385 839 1674 902 longissimas
1713 857 1795 905 per
1812 857 2040 891 terrarum

381 898 562 950 Orbem
585 906 899 958 excurliones,
925 909 990 954 vel
1011 907 1059 953 in
1079 908 1196 955 mari
1219 905 1418 955 clafficas
1440 923 1622 970 pugnas
1649 942 1662 960 ‚
1694 925 1814 971 quas
1857 910 2045 959 abunde*

376 968 545 1016 relatas
570 973 791 1033 agnoscet
810 974 1018 1025 curiosus
1035 977 1197 1022 Let‘lor
1221 975 1269 1020 in
1290 973 1442 1036 capite
1465 989 1545 1033 30.
1578 975 1850 1023 voluminis
1877 1010 1888 1030 ,
1910 978 2044 1041 quod

378 1035 568 1085 Marcus
593 1039 650 1087 de
693 1040 868 1089 Vvlson
908 1041 1090 1090 erudite
1134 1041 1408 1103 conscriplit
1430 1072 1445 1089 .
1504 1042 1678 1090 Eadem
1703 1042 1729 1091 ex
1754 1058 1881 1092 caeno
1902 1077 1915 1097 ,
1962 1043 2046 1092 vbi

377 1099 487 1149 vilia
511 1105 683 1152 natalia
716 1105 978 1156 sortiuntur
1000 1110 1060 1156 ad
1083 1109 1241 1156 nobile
1266 1107 1506 1171 fastigium
1525 1110 1680 1157 euexit
1712 1110 1901 1161 inclitus
1926 1114 2043 1159 Gal-

375 1166 545 1216 liarum
570 1174 671 1221 Rex
695 1172 813 1221 inter
837 1175 1106 1224 Ludouicos
1126 1182 1207 1224 Χῖ.
1243 1191 1352 1222 cum
1386 1176 1580 1235 Equites
1604 1181 1649 1222 S.
1673 1177 1921 1223 Michaelis
1972 1177 2045 1223 di-

375 1234 477 1285 &os
498 1269 510 1288 ‚
527 1252 670 1288 aureo
692 1252 863 1305 torque
881 1242 1124 1306 insigniuit
1148 1242 1339 1290 conchis
1361 1243 1495 1289 simul
1517 1257 1745 1289 connexis.
1764 1240 2035 1296 efformato‚

378 1302 639 1368 additoque
672 1310 969 1365 numismate,
1002 1309 1050 1356 in
1070 1326 1169 1372 quo
1196 1315 1240 1357 S.
1267 1308 1507 1357 Michaelis
1536 1308 1699 1371 imago
1717 1313 2042 1359 Tartareum..-

380 1372 650 1419 Draconem
669 1378 951 1423 vulnerantis
977 1374 1243 1427 videbatur,
1268 1390 1493 1421 reuocans
1516 1374 1610 1421 hoc
1637 1380 1730 1423 ritn
1755 1375 1802 1420 in
1826 1379 2042 1425 omnium

379 1438 663 1487 memoriani
697 1441 927 1491 Pietatem
974 1445 1136 1490 Caroli
1167 1441 1366 1506 Septimi
1408 1443 1555 1504 Regis
1581 1456 1693 1505 erga
1729 1443 1928 1490 eundem
1955 1452 2047 1493 Ar-

380 1509 685 1568 cangelorum
708 1509 990 1572 Principem,
1016 1524 1152 1557 cuius
1174 1507 1492 1571 patrocinium
1530 1508 1614 1554 fibi
1640 1509 1889 1571 spondens,
1926 1510 2048 1560 ima-

380 1573 540 1635 ginem
561 1573 607 1620 in
637 1576 812 1626 vexillis
834 1575 1109 1623 ostentando
1129 1607 1142 1625 ‚
1161 1574 1381 1623 vistorias
1404 1579 1545 1622 Terra
1564 1579 1779 1639 Marique
1803 1592 1857 1622 ex
1898 1578 2044 1625 hosti-

381 1641 470 1687 bus
513 1640 554 1686 se
577 1644 834 1691 relaturum
858 1644 1083 1708 sperabat,
1116 1656 1163 1688 vt
1186 1643 1363 1691 retulit,
1384 1657 1489 1689 cum
1511 1642 1644 1690 illum
1676 1642 1803 1705 apud
1828 1645 2043 1693 Aurelia·-

379 1706 564 1755 nensem
586 1711 762 1759 Vrbem
780 1711 863 1758 sibi
884 1741 900 1773 ,
920 1716 961 1765 δε
987 1708 1249 1760 Galliarum
1272 1708 1593 1756 incolumitati
1616 1710 1663 1755 in
1683 1722 1786 1757 aere
1808 1707 2043 1760 dimican-

379 1787 475 1824 tem
506 1776 627 1824 vidit
647 1811 659 1826 .

517 1847 619 1892 Nec
643 1845 837 1894 tacenda
869 1845 929 1894 est
953 1845 1128 1898 vtilitas
1163 1844 1396 1913 praecipua
1416 1875 1429 1896 ‚
1469 1856 1613 1905 quam
1643 1838 1703 1888 ad
1729 1856 1929 1905 corpora
1968 1844 2042 1894 su..

377 1907 619 1959 stentanda
657 1909 750 1962 suis
786 1913 1006 1964 carnibus
1043 1913 1241 1963 afferunt
1263 1911 1563 1964 OE'estatorum
1587 1908 1799 1972 p1›urimae
1827 1910 2002 1968 species
2028 1946 2042 1959 .

379 1982 433 2028 In
454 1978 725 2030 Prouincia,
751 1984 961 2029 Curtana
990 1980 1128 2031 dieta,
1151 1979 1276 2042 apud
1299 1978 1479 2027 Pariani
1520 1975 1712 2023 conchis
1735 2007 1746 2026 ‚
1769 1982 1811 2023 ὃ(
1836 1979 2035 2031 Ostreis,

379 2058 427 2095 vt
447 2045 706 2109 plurimum
734 2046 978 2096 vescuntur
1023 2050 1190 2095 Incolae
1213 2079 1225 2098 ‚
1272 2046 1382 2094 licet
1422 2042 1663 2109 leporibus
1687 2074 1700 2093 ,
1738 2048 1783 2089 ὃς
1805 2043 2035 2096 cuniculis

375 2113 579 2165 maxime
595 2113 833 2162 abundent
853 2148 865 2161 .
899 2114 1065 2178 Aliqui
1084 2112 1273 2175 Populi,
1307 2110 1531 2158 referente
1555 2107 1779 2156 Strabone
1802 2143 1814 2161 ,
1841 2109 2029 2160 Ostreas

374 2181 424 2228 in
444 2180 643 2229 Piscinis
665 2183 900 2236 nutriunt,
923 2196 971 2230 vt
992 2181 1160 2232 meniis
1185 2178 1411 2242 parandas
1436 2176 1571 2224 facile
1607 2175 1847 2224 inueniant
1868 2210 1880 2222 .
1935 2177 2030 2225 Cui

373 2262 532 2297 autem
553 2251 664 2297 latet
684 2266 867 2313 quanto
889 2251 1013 2314 apud
1032 2254 1275 2299 Romanos
1318 2244 1454 2291 essent
1493 2245 1609 2291 olim
1635 2244 1682 2290 in
1705 2245 1859 2307 pretio
1882 2250 1896 2291 Ξ
1934 2250 2031 2294 In„-

375 2316 469 2366 hoc
507 2317 743 2382 praecipue
777 2318 1103 2369 damnandos,
1141 2314 1275 2379 quod
1302 2310 1616 2361 Prouidentiae
1655 2311 1867 2357 ordinem
1892 2326 2026 2359 euer-

376 2389 710 2442 tentes,Guloe,
728 2391 772 2433 &
794 2387 930 2435 Vitio
961 2385 1032 2436 illi
1051 2386 1215 2432 darent
1241 2415 1253 2434 ‚
1283 2398 1385 2445 quae
1406 2379 1465 2427 ad
1483 2379 1594 2428 vitae
1613 2377 2037 2427 sustentationem-0¹

377 2451 563 2500 abunde
585 2453 779 2501 condita
810 2453 834 2501 ἐ
875 2454 994 2501 mari
1014 2450 1337 2517 piscabantur.
1394 2447 1532 2495 Multi
1557 2447 1678 2492 enim
1711 2445 1771 2493 ad
1809 2461 2026 2494 venereos

379 2519 591 2573 stimulos
623 2520 863 2569 addendos
897 2521 989 2568 illis
1013 2519 1258 2567 vtebantur
1274 2549 1286 2562 .
1324 2515 1471 2563 Aetio
1492 2515 1689 2560 docente
1714 2514 1873 2562 omnia
1900 2518 2032 2560 Con·

378 2588 569 2636 charum
607 2603 774 2651 genera
798 2591 940 2636 talem
974 2588 1197 2637 virtutem
1222 2583 1494 2634 continere,
1530 2581 1558 2626 :i
1603 2585 1854 2629 Poetarum
1901 2597 2034 2629 com-

380 2655 551 2701 mentis
575 2654 830 2703 indicatam
851 2686 863 2705 ‚
886 2670 992 2702 cum
1027 2653 1224 2702 ass'ernnt
1249 2657 1475 2700 Venerem
1502 2679 1514 2699 ‚
1541 2650 1619 2720 vel·
1632 2662 1794 2718 natam
1839 2651 1891 2721 in·
1916 2663 2028 2696 con-

379 2722 481 2775 cha,
504 2724 570 2766 vel
590 2722 635 2767 in
653 2723 834 2770 concha
868 2721 1040 2770 cimbae
1056 2725 1162 2768 loco
1185 2751 1198 2770 ,
1222 2719 1422 2781 Ciprum
1441 2712 1680 2778 profecisse
1698 2749 1709 2761 .
1771 2717 2029 2777 Plerique-2

380 2788 505 2847 vero,
530 2802 578 2837 vt
594 2794 753 2854 gulam
777 2791 1023 2853 explerent,
1046 2788 1239 2837 Lucullo
1265 2800 1360 2833 non
1385 2780 1632 2834 abiirniles,
1657 2780 1743 2847 qui
1763 2781 2019 2832 lautissima

1833 2863 1965 2898 coena
