2144 3218
701 88 1048 165 CLASSJS
1092 87 1192 157 1'1.
1238 109 1252 114 ··
1512 86 1587 159 ῐι
1607 113 1634 159 1

102 255 103 258 ¹
155 252 189 306 2
260 231 457 281 Concha
476 226 638 278 similis
656 224 892 290 descriptae
914 228 1124 286 num.89.
1144 224 1388 275 coloribus
1402 227 1608 279 mirifico
1626 229 1737 294 opi-'

98 264 153 352 9,
292 297 403 351 ficio
427 297 610 362 depicia
637 328 650 341 .
687 295 813 342 Sulci
839 309 1004 356 parum
1030 324 1041 343 ‚
1068 291 1180 340 testa
1199 291 1310 342 vero
1330 294 1587 346 admodum
1607 313 1738 346 exea..

103 383 212 425 uata
231 401 246 425 ‚
286 365 475 423 diuersis
492 362 731 412 coloribus
749 362 880 410 simul
901 359 1068 411 mistis,
1092 358 1156 406 ita
1178 360 1501 425 alpergitur‚&
1525 366 1730 418 fucatur,

101 450 155 490 vt
170 451 288 498 opus
319 449 401 480 acu
426 433 604 495 pistum
625 431 673 476 in
693 428 842 491 lapide
863 426 1115 491 expressum
1135 425 1368 477 videatur.

267 504 302 548 E
328 499 464 546 litore
489 497 629 545 maris
653 494 880 544 Atlantici
903 496 1059 541 delata
1084 494 1280 542 Concha
1310 496 1406 542 haec
1428 495 1580 546 sulcos
1617 496 1742 559 dup.‘

104 527 185 587 93
297 566 498 629 plicatos
523 596 534 617 ,
556 570 598 611 ἃς
623 562 764 611 veluti
781 562 1058 626 capillorum
1091 561 1228 607 trices
1250 577 1491 613 contextos
1510 564 1712 613 ostendit
1730 596 1745 617 ‚

105 636 282 684 colore,
301 645 348 678 vt
366 633 619 694 plurimum
659 627 682 676 s
680 628 867 678 ubflauo
888 663 900 680 ,
920 629 968 675 in
986 626 1105 685 striis
1124 628 1237 677 vero
1258 630 1602 692 aliquantulum
1625 629 1746 678 rufe-

107 699 250 747 scenti
268 734 280 747 .
318 699 540 760 Cingitur
560 696 743 759 insuper
758 694 1084 758 pulcherrimis
1100 693 1232 742 zonis
1253 694 1413 747 fuluis,
1439 697 1745 748 beluaceisss:

108 764 454 814 rubescentibus
472 764 519 812 in
533 764 681 812 limbo
700 762 929 816 euanidis‚
946 760 1299 827 multiplicique
1315 763 1365 811 in
1385 767 1495 813 loco
1511 763 1743 828 paulatim

109 832 392 881 decoloratis
416 865 429 879 .
1047 851 1050 854 ⁴
1086 843 1091 851 “

112 923 208 991 94
279 899 476 948 Concha
499 896 655 953 striata
676 896 876 946 vmbone
895 895 1090 945 rostrata
1106 895 1277 945 vinoso
1294 899 1455 946 colore
1475 897 1639 947 terreis
1659 911 1758 946 ma-

298 966 416 1012 culis
439 964 657 1012 distincto
678 998 691 1009 .

109 1058 150 1111 9
161 1050 203 1112 5
277 1031 491 1081 Concha,
512 1047 622 1092 quae
643 1031 670 1077 a
690 1029 867 1078 Latinis
884 1028 982 1076 dici
1005 1028 1155 1092 potest
1192 1027 1418 1079 Echinata
1439 1030 1599 1078 striata
1618 1045 1633 1081 3
1669 1029 1759 1077 sul-

311 1111 442 1145 catur
480 1098 604 1144 enim
640 1095 906 1145 rotundatis
941 1096 1208 1146 canaliculis
1228 1129 1242 1153 ,
1285 1095 1420 1161 supra
1453 1113 1572 1162 quas
1611 1095 1755 1160 spiss'ae

115 1166 325 1230 squamae
352 1165 556 1211 eminent
578 1166 722 1212 altera
744 1163 879 1212 alteri
897 1163 1096 1226 perfecte‘
1117 1175 1410 1225 coaptata‚ac
1428 1163 1756 1227 superimposi-

115 1246 165 1283 ta
187 1266 199 1278 .
236 1236 288 1277 In
313 1230 430 1279 mari
450 1231 632 1282 Rubro,
657 1231 752 1279 fiue
771 1231 820 1276 in
842 1229 937 1278 finu
961 1231 1144 1278 Persico
1163 1244 1440 1293 generatur.
1475 1231 1675 1281 Plurimi
1693 1229 1754 1281 ab

114 1296 341 1350 omuibus
359 1298 556 1346 habetur
576 1312 669 1345 non
689 1297 848 1345 formae
872 1293 1019 1344 solum
1043 1298 1287 1361 elegantia,
1315 1297 1390 1345 sed
1408 1302 1567 1348 colore
1588 1297 1756 1350 exube-

115 1364 298 1417 beranti
319 1369 545 1414 rolatum,
570 1364 729 1425 quoin
745 1377 876 1424 parte
894 1380 1103 1412 concaua
1122 1363 1305 1410 videtur
1319 1366 1503 1415 imbuta
1521 1401 1534 1412 .

151 1443 214 1505 6
283 1430 437 1475 Etiam
456 1429 556 1474 haec
578 1429 731 1474 aliain
755 1427 1017 1475 Maffiliano
1048 1429 1190 1474 litore
1222 1428 1413 1478 inuenta
1433 1463 1446 1481 ‚
1488 1434 1761 1485 Echinatffi,

115 1462 163 1523 9
312 1494 468 1543 striata
482 1492 678 1541 dicenda
697 1493 868 1541 merito
884 1493 946 1539 est
965 1527 978 1540 .
1016 1495 1160 1543 Sti-ias
1178 1494 1304 1541 enim
1330 1497 1482 1560 inagis
1515 1500 1634 1549 iuter
1668 1503 1763 1556 se„

110 1563 331 1616 distantes
349 1573 550 1609 armatas
575 1560 716 1610 habet
747 1560 919 1608 aculeis
940 1560 1158 1609 rotundis
1182 1593 1195 1612 ‚
1220 1568 1262 1609 δε
1285 1563 1489 1613 robustis
1523 1568 1582 1616 ad
1600 1574 1763 1618 vulne„

110 1629 308 1687 randum
328 1626 573 1691 aptiffimis
590 1661 606 1678 .
642 1630 795 1677 Color
809 1625 957 1676 illiest
989 1643 1044 1677 ex
1060 1626 1212 1681 fuluo,
1229 1636 1274 1678 &
1293 1631 1442 1680 citreo
1460 1666 1473 1686 ,
1485 1637 1764 1702 punstisque

118 1695 300 1752 rubidis
321 1694 581 1758 aspergitur
599 1725 617 1744 ο
1796 1701 1799 1703 ’

164 1789 208 1853 7
284 1762 481 1813 Concha
509 1760 668 1810 striata
691 1759 920 1812 Echinata
939 1762 1231 1814 subrotunda
1250 1799 1262 1818 ,
1283 1765 1310 1814 a
1331 1766 1560 1831 superiori
1580 1769 1767 1817 diuersa

117 1793 162 1858 9
315 1837 378 1876 ob
392 1828 656 1876 distantiam
678 1829 892 1877 striarum
909 1830 1138 1880 maiorem
1163 1866 1177 1885 ,
1215 1838 1257 1881 &
1280 1836 1452 1887 aculeis
1471 1852 1564 1884 non
1584 1835 1771 1899 hispide

122 1898 316 1961 spinosis
339 1927 353 1946 ‚
397 1892 475 1940 sed
494 1896 758 1955 plumarum
794 1895 1117 1947 instarleuiter
1136 1899 1352 1965 crispatis
1371 1935 1385 1955 ,
1423 1907 1582 1952 colore
1619 1901 1743 1951 oss'eo
1759 1935 1776 1960 ,

124 1969 193 2015 vel
215 1963 415 2030 puniceo
433 1993 446 2006 .
486 1958 705 2008 Nascitur
729 1962 777 2007 in
797 1963 1048 2011 Adriatico
1063 1998 1075 2011 .

124 2063 161 2117 9
175 2045 209 2101 8
287 2033 399 2078 Nux
415 2027 555 2076 maris
574 2027 749 2076 dicitur
773 2029 967 2076 Concha
991 2029 1066 2075 hic
1086 2033 1253 2089 posita,
1274 2035 1525 2084 Tarentino
1545 2037 1591 2082 in
1613 2034 1731 2083 mari
1749 2067 1771 2088 ,

286 2102 330 2144 &
349 2093 464 2143 alibi
483 2093 703 2155 frequens
724 2126 737 2139 .
772 2093 901 2141 Striae
922 2093 1052 2142 valde
1072 2094 1209 2159 spissae
1232 2131 1244 2149 ,
1265 2105 1307 2145 3<
1324 2103 1588 2150 rotundatae
1613 2106 1773 2150 colore

122 2161 233 2213 albo
251 2161 420 2214 fuluis,
443 2163 508 2207 vel
529 2159 641 2207 rufis
661 2161 854 2208 maculis
877 2174 1044 2208 notato
1062 2191 1080 2211 .

124 2253 216 2319 99
287 2227 486 2279 Concha
503 2226 694 2275 fasciata
713 2226 838 2275 dicTta
858 2229 886 2274 a
904 2227 1176 2276 Tarentinis
1194 2232 1412 2280 Camadia
1436 2235 1490 2280 de
1513 2235 1780 2298 Luna‚quia

314 2295 365 2343 in
384 2294 647 2359 plenilunio
667 2293 992 2358 impinguatur
1007 2330 1023 2344 .
1075 2298 1113 2343 T
1115 2295 1206 2344 csta
1226 2295 1364 2345 crass'a
1385 2332 1401 2351 ‚
1440 2303 1601 2350 colore
1622 2303 1734 2350 albo
1756 2335 1771 2353 ‚

126 2364 277 2416 furuis
299 2363 432 2412 zonis
452 2362 604 2411 cincta
621 2395 635 2411 .

130 2454 159 2503 Ι
176 2455 265 2501 00
336 2435 496 2481 Nuces
514 2429 657 2476 maris
673 2428 735 2477 ab
748 2427 853 2488 aliis
879 2427 1070 2479 diuersae
1093 2431 1140 2478 in
1159 2443 1289 2493 parte
1305 2446 1512 2481 concaua
1532 2432 1738 2481 candidae
1762 2469 1778 2488 „

367 2497 416 2545 in
450 2511 663 2545 connexa
685 2513 738 2544 ex
773 2496 883 2544 albo
919 2496 1172 2548 flauescunt
1207 2516 1218 2542 :
1260 2498 1392 2547 strias
1432 2501 1606 2548 habent
1639 2503 1772 2550 zonis

120 2557 438 2613 diuersimode
456 2563 812 2612 flauesccntibus
837 2596 850 2614 ,
897 2568 940 2610 &
965 2566 1183 2615 castaneis
1210 2564 1421 2617 fasciatas
1441 2601 1453 2613 .
1486 2568 1780 2620 Abbundant

118 2627 193 2676 his
238 2630 383 2680 litora.
402 2631 563 2682 Italiae,
594 2630 671 2678 sed
694 2629 988 2692 pulchriores
1011 2649 1135 2681 mare
1162 2631 1446 2682 Affricanum
1472 2636 1711 2698 producit.

262 2697 503 2748 Hastenus
539 2698 598 2746 de
635 2696 848 2747 Conchis
876 2701 1152 2750 Biualuibus
1175 2733 1186 2745 .
1240 2702 1526 2763 Impollibile
1562 2703 1686 2750 enim
1716 2703 1781 2751 est

126 2777 295 2811 omnes
319 2764 566 2816 recensere,
589 2780 707 2827 quas
743 2764 951 2812 immensi
975 2767 1135 2830 Pelagi
1170 2766 1451 2818 foecunditas
1487 2774 1670 2818 calamo
1703 2771 1783 2820 des

128 2827 400 2882 scribendas
420 2831 743 2898 suppeditaret
763 2864 775 2882 .
812 2835 1045 2885 Centenas
1064 2834 1245 2899 Species
1271 2836 1517 2901 proposui,
1534 2852 1587 2889 vt
1604 2837 1787 2899 aliquas

1604 2919 1723 2961 nun-
