2144 3218
533 50 1060 130 PROBLEMA
1105 53 1295 125 x1x.‹
1485 74 1621 146 227

60 238 63 239 γ
170 196 242 246 En
283 191 622 257 depromptum
642 218 655 240 ‚
676 197 730 232 ex
750 179 856 247 ipso
889 175 1230 244 sapientiffimo
1273 176 1498 232 instituto
1519 186 1713 235 Naturae

40 261 342 330 responsum?
377 263 514 310 Caeca
532 267 777 320 nunquam
806 247 1065 314 largitione
1097 245 1205 295 suos
1232 247 1282 296 in
1321 253 1493 302 Partus
1539 250 1630 302 sese
1647 252 1714 303 ef.

45 331 204 382 fundit
231 335 436 384 Natura,
455 340 606 392 neque
630 322 728 371 illis
757 317 927 368 frustra
941 313 1124 389 Aerarij
1143 313 1214 389 sui
1233 331 1430 391 opes‚ac
1450 321 1715 373 Thesauros

42 400 317 463 impertitur
338 431 352 450 .
382 384 697 447 Caecutientis
719 386 984 439 Amoris,&
999 385 1128 456 genij
1150 380 1425 433 insanientis
1446 390 1508 437 est
1526 392 1586 439 ad
1609 393 1714 442 nul.

41 471 135 516 lam
161 466 451 531 respicientis
479 462 729 512 vtilitatem
752 454 978 504 beneficia
997 453 1209 500 conferre
1229 487 1244 500 .
1285 452 1508 504 Praestitit
1528 460 1621 508 hoc
1639 460 1714 509 in..

36 533 173 583 sanus
215 537 291 583 ille
316 534 569 596 Caligula,
610 526 671 576 ad
696 529 862 574 Romae
903 518 1202 568 consulatum
1245 519 1533 584 inaugurans
1571 525 1710 576 suum

38 602 178 651 illum
229 615 403 666 equum
425 630 440 653 ‚
484 597 562 648 cui
589 595 618 645 a
651 590 935 659 pernicitate
974 585 1137 655 cursus
1181 586 1390 638 inditum
1434 597 1566 657 lgnei
1624 610 1712 644 no-

35 668 263 723 menest.
861 725 870 734 ,
931 722 940 732 .
1167 722 1177 730 ,
1273 723 1282 732 ·
1366 725 1376 734 .
1442 726 1452 734 ο
1705 733 1711 740 ¹

177 739 292 785 Non
317 737 377 784 fic
401 730 574 783 insanit
594 734 780 782 Natura
799 739 980 775 eitimiae
1023 719 1404 789 perspicacitatis
1438 742 1488 774 in
1511 744 1710 795 operam.

39 802 108 852 do
150 802 427 867 impertiens
468 799 662 864 fingulis
681 830 694 850 ‚
718 799 788 845 vel
811 792 1086 843 subtrahens
1107 823 1119 843 ‚
1137 807 1228 853 pro
1248 794 1543 857 aptitudine,
1571 800 1713 849 meri-

41 884 115 924 to,
134 886 188 919 ac
207 870 444 935 dignitate
469 869 722 918 eorundem
747 898 760 912 .
798 866 907 911 Hoc
923 860 1176 925 praeli’bato
1198 892 1210 914 ,
1231 876 1289 909 en
1323 862 1607 929 Philosophi
1639 884 1713 917 fa.

39 940 130 990 tio,
166 954 249 987 cur
273 937 516 988 'sestaceis
557 940 659 985 Cor
695 938 881 982 Natura
917 928 1165 991 negauerit
1188 960 1202 976 .
1260 931 1566 987 Animalibus
1606 953 1712 985 om-
1749 954 1827 999 [ὼ
1847 960 1982 1007 3033

41 1006 184 1054 nibus
209 1022 306 1053 non
348 1005 641 1068 exanguibus
677 997 973 1048 necess'ariuiii
1012 995 1074 1042 est
1097 999 1197 1044 Cor
1217 1028 1231 1048 ‚
1255 1014 1365 1047 cum
1389 1002 1515 1049 emm
1553 1005 1712 1054 humi-
1747 1021 1824 1052 ιη,
1842 1026 1869 1051 ,,
1887 1012 1980 1056 de)

37 1072 104 1122 do
143 1073 390 1136 fluidoque
428 1071 607 1120 constet
642 1066 831 1131 sanguis
855 1098 869 1120 ,
892 1062 1080 1128 indiget
1117 1063 1233 1112 vasis
1266 1067 1391 1130 aptis
1430 1069 1491 1117 ad
1526 1072 1710 1124 illum..)
1747 1068 1983 1119 Part-Anii

43 1140 375 1204 excipiendum
397 1138 480 1193 ,in
517 1153 660 1203 quem
702 1137 847 1183 finem
899 1132 1160 1207 elaboratae
1198 1132 1306 1182 sunt
1341 1150 1465 1186 venae
1487 1172 1498 1191 ‚
1530 1142 1709 1206 quibus

41 1205 90 1253 in
138 1208 304 1257 omnia
340 1206 552 1270 corporis
590 1205 805 1253 membra
845 1201 1025 1252 distufis
1067 1201 1129 1249 ad
1161 1202 1477 1267 impertienda
1514 1211 1708 1275 singulis

33 1273 262 1322 alimenta
290 1308 302 1326 ‚
324 1272 623 1322 necessarium
661 1271 755 1321 fuit
790 1286 868 1320 eas
892 1284 1057 1318 omnes
1091 1285 1144 1318 ex
1181 1287 1268 1321 vna
1298 1274 1484 1339 origine
1507 1311 1524 1335 ,
1564 1281 1709 1329 velum

37 1342 168 1390 riuos
188 1356 242 1389 ex
271 1342 519 1395 vnofonte,
541 1339 790 1392 corriuari,
809 1337 978 1404 nempe
999 1354 1053 1386 ex
1082 1340 1242 1397 corde,
1268 1356 1323 1391 ex
1356 1360 1456 1408 quo
1480 1361 1708 1414 tanquam

28 1421 84 1452 ex
110 1410 267 1470 prima
312 1409 596 1473 scaturigine
622 1410 872 1472 profluunt
903 1420 1070 1456 omnes
1094 1439 1107 1459 ³
1149 1414 1194 1456 &
1214 1411 1435 1476 fingulae.
1474 1419 1714 1481 Exangui-

30 1474 118 1522 bus
142 1476 257 1539 ergo
298 1477 522 1524 Testaceis
543 1507 557 1526 ‚
599 1477 717 1537 quid
754 1476 931 1522 mirum
967 1474 998 1520 si
1019 1478 1121 1521 Cor
1141 1489 1237 1522 non
1262 1476 1447 1527 effinxit
1491 1487 1711 1535 Natura}

28 1541 205 1590 Verum
227 1542 423 1604 quidem
460 1542 522 1590 est
546 1541 605 1591 ad
640 1540 1007 1605 impertiendum
1036 1541 1159 1591 Vitae
1186 1544 1470 1596 alimentum
1492 1584 1505 1604 ‚
1541 1553 1710 1602 humo„

32 1623 131 1654 rem
177 1610 384 1671 aliquem
423 1609 843 1672 proportionatum
885 1606 1187 1657 necessarium
1227 1612 1309 1658 esse
1334 1630 1426 1676 pro
1466 1616 1709 1683 sanguinis

34 1673 363 1737 supplemento
383 1691 396 1727 3
417 1674 726 1738 quamobrem
752 1675 800 1721 in
826 1674 1056 1724 Testacei's
1103 1678 1328 1728 omnibus
1354 1686 1587 1745 reperitur
1624 1689 1711 1738 hu-

27 1757 134 1789 mor
168 1741 264 1794 ille,
289 1758 432 1805 quem
460 1742 778 1805 Philosophus
802 1742 987 1789 Saniem
1029 1748 1237 1805 appellat
1257 1781 1270 1800 ‚
1308 1764 1408 1811 quo
1430 1755 1571 1814 pasto
1604 1754 1711 1804 sunt

33 1809 178 1856 etiam
200 1824 357 1872 partes
380 1843 394 1866 ,
416 1816 654 1858 Venarum
690 1809 836 1857 vicem
860 1813 1119 1873 explentes,
1143 1828 1261 1877 quas
1291 1816 1499 1868 diximus
1530 1824 1708 1873 Fibras.

40 1893 145 1939 quae
175 1878 380 1927 Saniem,
404 1880 471 1923 vel
492 1877 734 1925 attrahunt
759 1893 812 1925 ex
836 1883 1010 1927 Ventre
1045 1893 1146 1927 eam
1168 1883 1333 1945 primo
1369 1890 1669 1952 excipiente.)
1694 1925 1706 1944 ,

31 1949 77 1990 ὃς
122 1945 468 2006 aliquantulum
506 1959 868 2009 concoquente3
914 1948 981 1992 vel
1004 1961 1087 2009 per
1104 1965 1253 2012 poros
1277 1959 1494 2016 corporis
1530 1974 1584 2007 ex
1603 1964 1708 2007 Ele-

41 2023 228 2062 mento,
265 2010 434 2074 inquo
459 2012 629 2061 viuunt
659 2045 671 2064 2
718 2028 812 2060 non
836 2012 964 2061 secus
1001 2027 1056 2060 ac
1076 2018 1269 2067 arbores
1306 2020 1552 2072 humorem
1571 2028 1704 2075 mum

36 2075 216 2125 bibulis
241 2078 482 2127 radicibus
504 2092 712 2142 exugunt
731 2079 756 2128 ἐ
779 2092 901 2128 terra
918 2113 931 2132 ,
961 2096 1063 2144 quae
1085 2083 1144 2141 ijs
1183 2101 1272 2148 pro
1295 2088 1454 2146 corde,
1476 2110 1530 2144 ac
1550 2109 1705 2144 ventre

26 2143 284 2208 est‚parato
311 2146 491 2212 semper
510 2149 568 2198 ad
591 2147 870 2198 alimentum
886 2147 1281 2212 suppeditandum
1299 2181 1319 2219 ς

496 2311 1024 2386 PROBLEMA
1075 2319 1260 2388 XIX.

525 2499 672 2571 Cur
692 2503 820 2574 sint
841 2504 1165 2576 Edentula
1188 2516 1210 2578 ἓ

47 2689 154 2809 A
172 2689 412 2751 Ntequam
435 2689 632 2751 quaefito
650 2692 971 2757 respondeam,
998 2696 1230 2748 firmanda
1268 2700 1330 2750 est
1348 2681 1561 2756 eiusdem*
1579 2724 1705 2775 quae-
1745 2700 1812 2744 De
1833 2713 1942 2752 Pm-

203 2755 277 2803 fiti
320 2755 579 2819 sUPPOfitiO
600 2776 613 2813 3
652 2763 823 2825 nempe]
845 2765 1062 2815 edentula
1087 2769 1167 2814 esse
1206 2769 1429 2821 Testacea
1453 2809 1464 2825 .
1741 2763 1904 2797 annm:
1921 2767 1971 2803 ⁴⁵

1516 2783 1570 2825 In
1658 2795 1705 2825 n-

27 2822 221 2873 trariam
246 2822 518 2874 sententiam
539 2827 696 2878 abiere
717 2833 936 2883 nonnulli
963 2865 977 2889 ,
1014 2836 1181 2900 Inquit
1201 2795 1705 2895 Aristotelesaeontzas
1740 2810 1966 2919 gegssffm

1104 2909 1137 2973 F
1156 2903 1184 2954 f
1243 2922 1275 2957 a
1570 2916 1679 2963 den..
