2144 3218
649 71 782 143 AD
833 72 1394 145 LECTOREM.
1675 101 1718 160 5

167 212 277 265 gare
290 199 403 250 vero
421 204 549 252 nullo
573 199 804 264 naufragii
826 209 954 246 metu
972 198 1109 248 nobis
1129 197 1388 246 videbimur
1407 230 1420 244 .
1459 203 1626 263 Neque
1647 199 1813 252 otiosa,

165 281 251 317 aut
272 267 438 318 sterilis
460 302 472 320 ‚
508 268 584 318 sed
603 266 838 316 frueiuol'a
860 264 971 314 eius
1011 265 1236 313 recreatio
1262 264 1419 314 futura
1438 267 1498 314 est
1521 299 1533 318 ,
1572 266 1653 330 qui
1674 267 1818 314 veluti

166 336 384 398 cymbam
400 349 704 399 promonens,
728 337 794 381 vel
812 332 838 381 ἐ
855 346 976 380 terra
995 329 1157 395 paffim
1179 333 1314 382 flores
1344 333 1478 395 legit,
1501 336 1566 382 vel
1588 333 1725 384 retia,
1770 346 1825 380 ac

167 400 314 452 nassa-s
347 403 534 466 colligit
556 402 747 451 curiosis
769 398 927 464 pelagi
951 398 1177 462 partubus
1214 399 1401 448 refertas
1424 427 1436 445 .<
1473 405 1638 463 Itaque
1661 401 1823 448 dnm-2

165 472 400 522 naturales
432 469 586 519 causas
616 471 901 530 attingemus
925 497 938 516 ‚
973 466 1114 515 veluti
1144 467 1283 517 remis
1321 466 1462 516 vndas
1501 464 1781 516 sulcabimus
1809 497 1824 519 ‚

165 534 377 599 dumque
411 536 514 584 istas
535 536 718 598 penitus
755 531 1054 594 introspicere
1091 547 1188 580 non
1212 533 1402 582 dabitur
1425 564 1439 584 ‚
1475 532 1533 580 ad
1556 531 1821 582 vniuersalis

159 603 319 651 causae
337 602 572 650 recondita
605 599 964 664 mysteria‚velut
984 598 1032 646 in
1055 613 1248 661 portum
1267 633 1281 654 ‚
1304 603 1353 651 δε
1380 599 1576 649 solidam
1596 614 1766 651 terram
1794 597 1822 647 ἐ

168 668 404 731 naufragii
429 669 640 731 periculo
659 682 745 715 nos
767 666 1044 728 recipiemus
1061 698 1074 712 .
1383 710 1385 712 .

303 736 444 783 Haud
465 734 685 798 equidem
712 734 953 781 confilium
976 732 1054 782 est,
1088 731 1271 795 spissum
1290 736 1510 782 volumen
1534 733 1823 789 conficertsi

165 799 412 850 referendo
430 801 667 866 quidquid
697 799 755 847 ab
777 801 881 857 alijs
927 798 1247 863 Scriptoribus
1284 801 1340 848 de
1379 804 1563 852 Natura
1582 800 1824 851 Testaceo-

163 881 270 916 rum
293 868 392 918 fuse
409 868 698 931 copioseque
714 866 939 914 traditum
961 867 1141 929 reperi.
1179 873 1244 916 Vt
1266 867 1392 916 enim
1415 867 1621 933 ingenue*
1644 868 1819 919 dicam,

162 937 346 982 tametsi
368 938 541 983 multos
563 950 723 983 eorum
741 933 1051 997 percurrerim
1073 965 1084 985 ‚
1109 949 1203 981 non
1223 946 1380 984 tamen
1400 935 1611 1000 contigit
1646 936 1817 1000 reperi-

163 1014 230 1051 re,
255 1002 390 1064 quod
412 1002 738 1065 concupieram
762 1032 777 1051 ,ι
799 1014 939 1064 atque
960 999 1030 1047 illi
1050 998 1139 1046 sese
1172 1003 1462 1065 exposituros
1480 1000 1822 1067 promiserant.

137 1109 141 1113 .
167 1066 264 1116 Vifi
282 1068 401 1116 mihi
440 1068 642 1131 proinde
666 1067 853 1115 fuerunt
874 1082 1032 1115 earum
1052 1068 1229 1117 Anium
1270 1069 1409 1117 instar
1433 1103 1447 1122 ,
1471 1085 1580 1134 quae
1602 1067 1823 1134 suspensae

159 1133 210 1180 in
225 1147 328 1182 aere
345 1137 521 1183 alarum
542 1135 751 1182 vastitate
776 1167 788 1185 ,
828 1151 880 1183 ac
913 1133 1219 1183 multitudine
1254 1139 1524 1199 plumarum
1557 1152 1826 1202 magnam...»

159 1198 233 1249 sui
252 1198 449 1264 speeiem
469 1201 666 1254 faciunt,
696 1214 839 1264 captae
859 1201 967 1249 vero
1005 1200 1385 1266 deplumataeque
1420 1205 1655 1253 venatoris
1689 1218 1824 1266 expe-

165 1267 422 1316 &ationem
440 1268 598 1319 molis,
622 1283 677 1315 ac
700 1268 921 1330 corporis«
932 1267 1138 1313 exilitate
1156 1268 1416 1318 deludunt.
1459 1269 1646 1318 Habeat
1663 1270 1824 1334 proin-

167 1332 231 1381 de
266 1333 452 1380 laudem
476 1331 602 1380 suam
626 1332 892 1380 Aristoteles
914 1365 926 1382 ‚
974 1348 1115 1394 quam
1144 1332 1210 1379 illi
1248 1333 1669 1385 animaduersiones
1705 1338 1825 1390 suae,

177 1397 232 1446 in
272 1397 415 1445 Libro
452 1411 625 1460 quarto
653 1395 872 1444 Historiae
893 1395 1183 1443 Animalium
1204 1397 1442 1460 praecipue
1477 1402 1699 1464 congestae
1718 1419 1827 1465 ‚pe-

168 1476 390 1528 pererunt
415 1504 426 1517 .
483 1464 671 1512 Habeat
695 1496 707 1515 ‚
749 1468 792 1510 &
818 1462 997 1511 Plinius
1032 1462 1193 1514 suam;
1231 1478 1314 1511 nec
1330 1464 1561 1515 minorem
1595 1468 1826 1532 reportas·

161 1530 210 1580 se
248 1531 509 1580 Bellonium
542 1530 742 1578 dixerim
764 1562 776 1582 ,
821 1530 904 1594 qui
935 1544 1038 1577 eam
1071 1530 1135 1578 ob
1178 1529 1360 1579 causam
1399 1532 1685 1584 difficillima
1719 1539 1820 1584 lou-

163 1596 446 1662 giffimaque
468 1597 634 1647 itinera
664 1613 745 1663 per
759 1609 852 1646 tres
873 1596 1019 1646 Orbis
1043 1603 1203 1646 Partes
1220 1600 1458 1663 Europam
1478 1633 1492 1652 ,
1510 1601 1782 1652 Affricanm
1803 1636 1817 1655 ,

161 1666 416 1730 Aliamque
458 1664 658 1730 suscepit
696 1698 709 1712 .
774 1664 1063 1714 Rondeletio
1111 1681 1307 1729 quoque
1369 1682 1603 1719 accuratae
1645 1669 1818 1720 descri-

156 1732 345 1797 ptiones
366 1764 381 1785 ‚
421 1730 647 1786 Gesnero‚
670 1731 907 1781 damnatae
928 1730 1039 1779 licet
1066 1732 1304 1780 memoriae
1337 1733 1563 1798 Scriptori
1582 1767 1595 1788 ‚
1615 1736 1819 1789 eruditae

158 1799 525 1854 annotationes,
553 1815 609 1850 ac
640 1800 845 1864 denique
863 1799 1080 1848 Saluiano
1115 1798 1315 1863 diligens
1352 1805 1612 1853 multorum
1647 1820 1820 1869 corpo-

162 1881 271 1913 rum
311 1873 546 1915 Auatome
584 1867 768 1917 laudem
813 1865 942 1916 suam
986 1864 1182 1916 afferant
1204 1900 1217 1914 .
1268 1873 1422 1917 Porro
1448 1884 1501 1918 ex
1531 1870 1604 1920 his
1639 1887 1692 1921 ea
1711 1884 1814 1921 tan-

158 1944 264 1981 tum
287 1932 510 1981 delibabo
527 1966 541 1986 ‚
565 1951 675 1997 quae
696 1932 756 1984 ad
794 1935 983 1983 breuem
1021 1937 1270 1984 tractatum
1289 1935 1635 1987 conficiendum
1676 1953 1814 1988 erunt

154 1996 298 2048 satisz
330 1997 528 2062 perinde
564 2001 689 2048 enim
730 2016 783 2049 ac
823 2001 1145 2051 Coralliorum
1187 2002 1444 2053 Piscatores
1467 2036 1478 2055 ,
1503 2007 1627 2054 uuna
1647 2019 1817 2054 certa-1

157 2067 343 2114 ratione
371 2063 557 2116 itineris
598 2066 684 2115 fibi
728 2066 1027 2130 praescripta,
1060 2069 1130 2116 ibi
1171 2067 1346 2116 scilicet
1380 2070 1665 2121 intersistunr
1685 2104 1699 2125 ,
1736 2073 1818 2119 vbi

155 2131 284 2196 spem
306 2133 581 2196 concipiunt
618 2133 843 2196 insignem
867 2149 1049 2182 ramum
1086 2133 1113 2183 ἐ
1144 2136 1287 2185 maris
1329 2135 1481 2185 fundo
1520 2138 1769 2187 reuellendi
1799 2172 1815 2191 >

155 2213 248 2263 ego
266 2214 462 2263 quoque
494 2200 607 2249 huie
632 2200 757 2248 mori
792 2200 999 2251 insistens
1017 2217 1110 2249 non
1130 2202 1180 2248 id
1200 2216 1341 2249 omne
1361 2200 1818 2269 conscc'tabor,quod

151 2265 342 2314 dicendi
359 2281 688 2330 argumentum
709 2301 722 2320 ‚
742 2281 795 2317 ac
815 2267 1057 2318 materiam
1076 2270 1272 2333 praebet,
1296 2285 1454 2319 verum
1475 2271 1526 2318 id
1550 2271 1814 2326 dumtaxat,

147 2334 282 2398 quod
299 2336 367 2381 vel-
386 2346 592 2398 repetere
612 2333 909 2385 neceffarium
931 2368 944 2388 2
960 2339 1028 2384 vel
1054 2335 1250 2400 cognitu
1274 2335 1471 2400 dignius
1489 2340 1818 2388 conuenienti-

149 2401 291 2464 vsque
309 2414 594 2465 reputauero
613 2436 625 2450 .
662 2403 851 2454 Addam
873 2420 977 2470 quae
998 2402 1080 2464 alij
1096 2437 1112 2461 ,
1133 2402 1210 2454 seu
1226 2403 1413 2457 inscitia
1436 2436 1449 2460 ,
1469 2402 1554 2457 seu
1571 2406 1814 2472 pigritia-‚2

153 2465 499 2532 inexploratum
517 2468 731 2518 dimisere
749 2502 765 2522 .

148 2597 151 2601 Δ
284 2537 346 2583 Et
379 2536 506 2585 certe*
527 2552 623 2586 non
661 2536 798 2587 facile*
822 2531 994 2588 dixer‘is
1015 2567 1030 2590 ‚
1055 2552 1155 2587 vtra
1188 2536 1235 2586 in
1274 2550 1322 2584 re
1353 2538 1506 2604 magis
1529 2539 1709 2589 laboret
1750 2539 1822 2587 in·-

145 2601 357 2662 genium,
379 2618 438 2651 an
463 2605 659 2654 trastata
674 2606 734 2654 ab
770 2604 874 2665 alijs
919 2618 1195 2669 argumenta
1231 2606 1523 2655 retraetando
1542 2640 1555 2660 ,
1577 2621 1635 2655 an
1691 2620 1818 2656 noua

152 2666 552 2719 comminiscendo
570 2705 586 2725 .
620 2672 858 2737 Equidem
881 2670 930 2720 in
956 2673 1030 2723 his
1050 2673 1170 2722 viam
1190 2670 1282 2721 tibi
1318 2674 1501 2737 aperias
1522 2671 1690 2723 necesse
1715 2672 1777 2720 est
1801 2704 1820 2728 ,

147 2746 291 2797 vtque
313 2734 372 2783 ad
392 2751 563 2788 metam
588 2739 958 2804 pertingas‚tuis
977 2737 1073 2803 ipse
1092 2753 1138 2788 te
1160 2738 1361 2805 pedibu's
1379 2741 1601 2788 tribuere:
1619 2737 1819 2800 vtique-2

151 2814 257 2850 eum
277 2801 476 2857 desertas
488 2821 572 2876 per
596 2807 1099 2874 Regiones-‚tamquam
1121 2822 1204 2874 per
1224 2806 1386 2872 Libyae
1407 2805 1725 2920 arenaswegiti
1745 2819 1825 2854 va-

1674 2886 1752 2921 um
