2144 3218
483 131 604 204 PR
620 122 1026 201 OBLEMA
1082 120 1298 201 xvm
1490 148 1526 192 2
1539 147 1616 209 25

41 274 129 328 scit
154 260 381 325 Natura}
421 261 536 327 quae
559 273 707 308 artem
748 255 898 321 ipsam
935 253 995 302 ad
1031 257 1355 319 magisterium
1397 258 1490 306 hoc
1527 259 1735 309 crudiuit

47 324 322 393 construetis
349 329 495 382 armis
518 360 531 382 ‚
549 343 603 376 ac
639 320 949 376 munimentis
981 338 1071 387 pro
1094 337 1192 372 tam
1230 325 1490 374 inermibus
1522 328 1733 377 animan-

47 411 196 462 tibus,
221 416 353 454 tanta
371 402 594 450 colorum
618 428 631 448 ‚
655 407 802 459 atque
837 403 1228 442 ornamentorum
1265 392 1500 457 elegantia
1528 395 1734 457 pistura.

49 478 112 526 tis
136 493 150 531 ;
196 470 436 540 elegantia
467 478 627 515 tamen
660 476 904 514 armorum
930 459 1076 510 robur
1113 460 1234 512 nihil
1252 459 1587 510 effaeminante.
1616 468 1730 522 Quo

45 544 261 596 artificio
300 538 390 588 tria
423 533 619 600 praestat
661 529 864 578 omnino
888 531 1140 590 praeclara:
1181 530 1353 595 nempe
1372 529 1574 578 infirmis
1606 563 1618 582 ‚
1656 546 1728 581 at.

44 628 143 677 que
183 607 361 658 infimis
383 597 707 652 animantibus
730 611 877 647 arma,
898 600 941 641 δι,
964 596 1264 648 munimenta
1296 600 1729 661 comparauit,ocu-

47 684 206 729 lorum
232 674 603 724 oblectamenta,
626 679 769 729 atque
805 663 952 711 illicia
976 664 1167 715 abunde*
1209 666 1427 714 instruxit
1446 699 1458 718 ‚
1482 667 1531 713 in
1556 681 1729 716 tanta„

46 749 267 794 colorum
285 748 789 798 ornamentorumque
809 730 1035 780 varietate
1055 765 1069 786 ‚
1111 731 1383 798 singulaque
1405 734 1617 782 Testacea
1641 734 1727 784 suo

41 828 248 877 quaeque
267 809 398 876 quasi
436 806 678 872 stemmate
713 801 940 874 insignita
960 833 972 855 ‚
991 807 1035 850 δε
1058 800 1225 871 vestitu
1268 800 1497 853 consimili
1516 814 1724 853 notata„

45 879 272 931 discreuit
291 913 305 948 ρ

468 1034 1003 1112 PROBLEMA
1050 1035 1266 1110 XVII.

455 1226 603 1297 Cur
659 1242 922 1297 careant
963 1222 1239 1296 Offibus
1268 1228 1295 1291 ἒ-

157 1482 233 1532 ssa
272 1481 323 1530 in
343 1480 696 1546 omnicorpore
735 1477 843 1528 sunt
880 1480 1036 1526 multa
1053 1488 1280 1529 numero:
1327 1478 1420 1528 alia
1451 1477 1592 1532 resta,
1617 1477 1711 1528 alia

27 1486 151 1604 O
188 1548 483 1599 transuerfim
526 1550 713 1598 locata,
759 1547 1235 1612 &arcuata,fingula
1269 1543 1467 1610 singulis
1506 1546 1713 1597 inusta-2

28 1615 359 1665 insolubilibus
396 1616 667 1677 ligamentis
693 1646 705 1665 ‚
727 1613 796 1662 ita
828 1628 988 1661 tamen
1025 1615 1227 1664 enodata
1248 1643 1261 1663 ,
1298 1629 1347 1661 vt
1375 1613 1548 1678 poffint
1568 1630 1714 1662 mem-

27 1681 110 1729 bra
132 1700 222 1747 pro
254 1687 623 1748 opportunitate
661 1682 884 1733 curuati,
907 1687 951 1728 &
989 1682 1153 1731 omnia
1178 1680 1247 1727 ita
1266 1681 1671 1730 accommodata.)
1689 1715 1702 1735 ,

28 1762 79 1796 vt
107 1751 360 1814 quamdam
408 1751 538 1813 quali
573 1748 782 1798 trabium
829 1747 1109 1798 struchram
1154 1762 1450 1814 componant
1477 1782 1490 1801 ‚
1528 1753 1710 1798 eleuan-

28 1831 123 1864 tem
170 1819 268 1870 illa,
290 1825 334 1866 &
360 1816 692 1866 sustentantem
718 1851 731 1863 .
769 1821 868 1865 Iam
892 1814 1001 1863 vero
1041 1819 1073 1867 si
1093 1815 1333 1866 Testaceae
1357 1817 1490 1865 humi
1533 1816 1711 1881 semper

25 1883 174 1931 infixa
199 1888 328 1933 nullo
366 1897 504 1932 motu
525 1885 762 1933 debebant
800 1881 843 1931 se
866 1884 1081 1948 expedire
1101 1919 1114 1938 ‚
1145 1882 1229 1931 nifi
1271 1882 1518 1933 communi
1542 1884 1709 1932 vermi-

28 1950 135 2002 bus,
160 1958 202 2000 &
236 1951 421 2001 insectis
445 1984 457 2002 ‚
477 1952 710 2017 reptando
753 1950 1172 2014 progredientibus
1194 1983 1208 2003 ,
1246 1951 1523 2002 huiusmodi
1561 1969 1709 2001 mem-

30 2017 228 2067 brorum
259 2021 494 2068 struffmrae
539 2017 731 2068 inutilia
772 2015 958 2065 fuissent
983 2019 1109 2070 ossa,
1156 2019 1259 2067 im&
1297 2020 1573 2069 Turbinatis
1613 2022 1705 2067 im-

25 2086 354 2148 pedimentum
393 2086 650 2135 attuliss'ent
685 2114 702 2140 ,
753 2083 922 2148 nempe}
979 2086 1415 2149 contorquentibus
1453 2084 1540 2133 sese
1570 2119 1583 2139 ‚
1633 2089 1705 2134 vel

26 2155 376 2203 madianitibus
423 2153 547 2203 intra
590 2152 805 2216 spiralem
847 2152 973 2202 suam
1012 2168 1295 2206 cauernam,
1344 2154 1512 2202 debuit
1551 2155 1705 2218 aptari

28 2233 201 2282 corpus
219 2219 423 2270 omnino
460 2237 679 2270 carneum
723 2220 858 2269 fibris
877 2216 1195 2286 vndequaque
1242 2235 1514 2278 extentum,
1547 2223 1704 2285 apae,

26 2289 95 2332 vel
119 2286 241 2335 adse
279 2287 709 2351 recipiendum,vel
733 2285 850 2335 adse
885 2302 975 2352 pro
996 2303 1106 2338 nata
1142 2289 1504 2354 opportunitate
1536 2290 1705 2337 disten-

28 2353 261 2404 dendum.
310 2354 487 2406 Addo:
525 2356 623 2407 toti
655 2356 872 2421 corporis
914 2354 1189 2410 struGturam
1225 2358 1274 2404 in
1312 2373 1451 2405 vnam
1490 2359 1618 2421 quasi
1640 2360 1708 2404 al-

30 2436 145 2467 uum
188 2423 433 2472 elaboratae
473 2426 634 2489 inepta
673 2436 806 2473 erant
838 2421 968 2472 offa:
1014 2425 1190 2474 scilicet
1237 2442 1291 2474 ex
1335 2425 1703 2475 obseruatione)
1750 2408 1820 2502 ff?
1847 2420 1959 2504 sss}

36 2487 333 2552 Philosophi,
352 2490 488 2541 nullis
513 2492 834 2541 animantibus
872 2506 1035 2543 venter
1071 2491 1411 2557 distinguitur,
1432 2509 1514 2541 nec
1539 2493 1708 2542 disten.
1746 2476 1878 2565 ,2‚²‘;¹†¹·
1903 2475 1982 2505 Μ’

31 2554 166 2603 ditur
191 2555 366 2606 offibus
387 2574 472 2609 ,vt
497 2562 559 2608 s1c
573 2557 748 2625 poffit,
784 2561 855 2606 vel
895 2562 1078 2611 atrasto
1115 2560 1227 2610 cibo
1262 2561 1562 2610 intumescere
1583 2595 1596 2614 ,
1640 2565 1706 2609 vel
1806 2561 1810 2566 '

35 2637 270 2695 concepto
308 2625 447 2673 foetui
474 2625 778 2677 domicilium
822 2626 1070 2677 insternere
1094 2661 1108 2674 .
1143 2628 1323 2692 Aliqua
1343 2630 1529 2691 insuper
1575 2632 1709 2677 olla.)

29 2689 176 2737 infixa
221 2691 328 2740 sunt
365 2696 504 2743 certis
522 2694 740 2759 partibus
787 2695 1101 2745 animantium
1124 2728 1138 2747 ,
1166 2696 1324 2759 inquit
1351 2697 1669 2760 Philosophus
1697 2731 1707 2742 ,

20 2755 81 2802 ad
114 2771 190 2805 eas
237 2759 455 2808 tutandas
494 2760 829 2824 seruandasque
852 2794 867 2814 ,
907 2777 957 2811 vt
998 2762 1158 2812 Costae
1187 2763 1534 2813 circumdantes
1575 2770 1708 2816 Corz

24 2835 131 2871 eum
157 2839 313 2873 autem
351 2827 409 2874 ad
451 2829 858 2878 conseruationem
904 2829 1231 2880 Testaceorum
1260 2864 1273 2884 ,
1313 2832 1705 2881 munimentuer

30 2893 215 2941 Natura
238 2894 545 2945 construxerit
571 2912 660 2962 pro
692 2898 855 2950 Galea,
877 2903 1039 2953 Scuto,
1066 2913 1119 2946 ac
1140 2899 1353 2951 Thorace
1373 2901 1467 2950 illis
1492 2913 1703 2965 aptatum

516 2977 519 2979 “
1102 2968 1134 3014 F
1159 2963 1187 3013 f
1577 2966 1638 3014 ad
