2144 3218
491 45 633 122 106
863 45 1091 119 PARS
1139 36 1586 121 SECVNDA

369 178 479 228 vero
506 172 714 226 albescit,
734 175 780 220 &
809 172 1008 222 lacteum
1031 171 1235 221 nit'orem
1267 171 1629 233 Margaritarum
1654 176 2031 232 occidentalium

367 243 652 309 representat
671 271 684 290 .

376 336 401 377 1
419 319 454 379 g
529 307 727 357 Concha
766 307 1008 356 Corallina
1028 336 1041 356 ‚
1081 303 1216 353 aliter
1256 302 1496 352 Pic‘iorum
1519 304 1644 355 dista
1665 338 1679 358 ‚
1702 323 1794 359 non
1817 313 1932 377 quia
1970 314 2030 365 ad

562 374 618 423 vs
616 391 693 424 um
715 374 843 423 Artis
862 370 1068 436 pistoriae
1087 374 1305 419 colorum
1326 369 1569 433 pigmenta
1589 373 1634 420 in
1654 389 1710 420 ea
1728 391 2030 439 reponantur,

368 460 526 495 verum
556 443 669 506 quia
697 443 745 487 in
766 437 1128 487 minutissimum
1163 442 1404 502 puluerem
1448 437 1630 487 redacta
1652 472 1667 495 ,
1696 456 2028 504 purpureum

368 516 593 562 colorem,
623 526 724 571 quo
749 506 936 554 videtur
955 504 1137 553 imbuta
1159 520 1268 568 pars
1308 504 1546 556 anterior,
1581 507 1697 554 olim
1719 508 1910 557 Pictura:
1928 513 2033 562 sub-

368 576 664 629 ministrabat
686 608 698 621 .
743 576 798 624 In
819 577 950 636 Egeo
982 573 1099 620 Mari
1131 573 1282 635 prope
1306 572 1497 619 CarIam
1520 573 1665 634 viuit‚,
1687 573 1910 624 referente
1927 583 2034 627 Ari-

369 648 532 696 stotele
548 677 563 694 .
608 641 759 694 Leuis,
794 647 837 689 δε
860 638 1013 688 nitida
1030 637 1320 693 intrinsecus,
1342 639 1749 692 extrinsecus-vere
1770 643 2031 695 tuberculis

369 711 684 777 inaequalibus
721 709 903 771 aspera.

381 806 463 869 ¹9
535 777 732 826 Concha
759 775 858 825 fere}
904 777 1042 837 plana
1060 807 1071 828 ‚
1097 779 1142 822 &
1168 772 1370 837 perfecte
1405 774 1627 826 circinata
1647 808 1663 828 ‚
1708 781 2034 828 caeterarum

565 842 767 892 eiusdem
791 844 949 908 figurae
977 841 1269 906 ampliffima,
1290 842 1399 889 albo
1421 845 1597 894 colore,
1620 843 1895 894 intrinsecus
1921 878 1930 893 ‚
1958 862 2034 893 ex-

374 910 599 962 trinsecus
621 914 829 960 castaneo
850 945 861 963 ‚
895 915 940 957 &
967 909 1108 958 furno
1135 909 1274 956 misto
1299 946 1312 962 .
1370 911 1590 957 Dentatae
1615 926 1713 960 non
1737 910 1839 959 sunt
1860 915 2000 962 valuae
2017 946 2033 970 ,

375 996 493 1046 quas
512 980 818 1044 ligamentum
842 983 869 1026 ἐι
889 976 1070 1026 caeteris
1091 976 1222 1024 valde*
1245 974 1481 1023 diuersum
1505 976 1604 1023 vnit
1623 1010 1635 1024 .

375 1073 463 1118 20
535 1046 830 1111 spondylus,
871 1044 966 1094 siue
990 1043 1183 1091 Ostrea.
1221 1043 1527 1105 Gaideropode
1569 1040 1747 1091 dicitur
1784 1044 1881 1092 haec
1905 1047 2036 1092 Con-

561 1115 664 1164 cha,
684 1115 811 1176 quasi
840 1111 971 1159 Atini
988 1125 1087 1173 pes,
1105 1108 1212 1156 cuni
1230 1107 1286 1153 ab
1305 1121 1357 1152 ca
1377 1107 1727 1168 repraesentetur
1745 1144 1758 1161 .
1811 1111 2024 1160 Tarenti..

371 1183 421 1230 ni
460 1197 562 1229 eam
586 1181 752 1227 dicunt
773 1177 1092 1240 Scataponzolo
1115 1208 1126 1220 .
1184 1178 1223 1221 E
1244 1171 1445 1235 scopulis
1485 1172 1686 1223 nascitur
1703 1175 1803 1223 imo
1824 1194 1932 1239 pars
1960 1171 2041 1224 eo·-

373 1250 568 1299 rundem
591 1260 786 1311 propter
824 1242 1007 1292 saxeam
1031 1239 1332 1290 substantiam
1378 1237 1561 1287 videtur
1581 1269 1594 1292 ‚
1639 1254 1723 1287 nec
1771 1242 1854 1290 nili
1880 1241 2038 1290 ferreis

373 1316 563 1367 sarculis
587 1348 600 1367 ‚
635 1321 678 1361 δε
700 1314 855 1361 labore
894 1309 1033 1358 auelli
1053 1307 1204 1371 potest
1221 1342 1233 1354 .
1270 1310 1325 1352 *In
1342 1304 1501 1352 medio
1523 1307 1709 1354 cardine
1753 1308 2042 1357 vinculum-2

371 1399 598 1435 nerueum
645 1379 915 1443 praedurum
939 1375 1181 1421 inseritur.
1221 1372 1353 1418 Testa
1389 1371 1649 1420 admodum
1691 1373 1935 1436 inaequalis
1958 1376 2040 1428 est,

379 1460 423 1502 δι
446 1447 644 1500 sinuosa,
669 1444 865 1492 inferior
883 1439 1014 1489 valde
1035 1438 1207 1488 scabra,
1233 1443 1276 1483 &
1298 1435 1439 1482 veluti
1462 1435 1607 1485 saxeis
1632 1439 1838 1501 squamis
1875 1445 2038 1490 reeta.)

379 1518 664 1583 superiorem
683 1529 804 1561 cano
830 1508 1028 1574 superat,
1050 1504 1270 1571 Superior
1285 1503 1393 1551 vcro
1415 1502 1633 1555 bronchis
1652 1508 2043 1561 canaliculatis,&

379 1585 524 1654 spiffis
567 1595 772 1631 armatur
793 1613 806 1625 .

384 1684 419 1725 2
438 1679 461 1725 Ι
542 1643 882 1711 Gaideropoda
905 1645 1059 1691 valnas
1080 1639 1251 1691 vnitas,
1272 1643 1314 1685 &
1339 1650 1519 1700 apertas
1539 1637 1793 1692 ostendens,
1821 1639 1926 1689 sunt
1948 1640 2049 1690 arn.'

575 1718 641 1765 bae
671 1717 794 1764 intus
823 1745 836 1765 2
874 1725 921 1759 vt
953 1709 1071 1772 lapis
1109 1707 1265 1772 parius
1291 1704 1496 1753 candidae
1518 1736 1530 1754 ‚
1577 1705 1694 1752 foris
1715 1722 1822 1769 pars
1848 1706 2043 1756 inferior

378 1788 609 1841 concolor
628 1782 689 1830 cst
727 1781 843 1829 saxis
864 1779 895 1826 ἐ
927 1777 1104 1840 quibus
1142 1774 1371 1822 formatur
1395 1804 1406 1823 ,
1446 1769 1492 1817 in
1515 1769 1741 1834 superiori
1767 1775 1877 1821 vero
1904 1774 2049 1822 bron-

380 1857 476 1909 chi,
497 1858 540 1898 ἃ
562 1851 803 1898 tubercula
825 1844 917 1892 fine
940 1847 1032 1890 vllo
1053 1840 1216 1888 ordine
1253 1838 1474 1902 disposita
1500 1850 1726 1902 teguntur
1754 1841 1883 1905 quasi
1906 1845 2044 1891 laneo

384 1919 689 1989 operimento
703 1911 890 1978 pingui,
915 1916 958 1957 ἃ
977 1907 1178 1956 vntuoso
1202 1905 1310 1955 rufo
1333 1909 1497 1954 colore
1514 1938 1527 1949 .

389 2017 474 2065 22
543 1983 652 2034 Alia
681 1980 847 2029 eodem
885 1975 1072 2024 nominc
1091 1974 1288 2025 donata,
1313 1970 1388 2020 sed
1406 1969 1648 2021 coloribus
1669 1971 1850 2021 diuersa
1868 2007 1880 2018 .
1917 1979 2043 2024 Can-

577 2049 688 2098 dida
706 2047 831 2094 enim
855 2037 1092 2092 inuenitur
1119 2073 1131 2092 ‚
1155 2038 1333 2103 aspersa
1359 2039 1596 2087 coloribus
1617 2036 1758 2087 roseis
1781 2072 1792 2091 ,
1823 2041 2039 2089 &minio

386 2135 510 2184 aqua
531 2118 707 2167 diluto,
728 2110 1033 2176 distinguitur
1058 2107 1195 2155 ctiam
1214 2108 1242 2154 ἐι
1260 2104 1437 2153 caercris
1464 2114 1659 2165 propter
1674 2107 1872 2154 rostrum
1896 2108 1922 2155 e*
1943 2124 2045 2157 car·-

389 2189 498 2235 dine
519 2184 805 2251 produffcum
831 2177 1098 2244 pedunculo
1131 2171 1274 2222 fimilc
1299 2203 1313 2224 ‚
1336 2185 1436 2235 quo
1470 2167 1646 2218 fruetus
1686 2173 1852 2221 arbori
1881 2190 2051 2222 conne-

390 2256 584 2305 stuntur
605 2287 618 2300 .

398 2349 433 2390 2
444 2347 474 2407 3
555 2317 755 2370 Concha
776 2312 960 2364 nascens
983 2310 1028 2364 in
1047 2315 1215 2360 Arena,
1230 2308 1374 2357 autin
1396 2309 1516 2360 luto,
1539 2307 1794 2371 multiplici
1819 2309 2050 2360 nomine,

586 2390 646 2438 ab
676 2382 968 2433 Austoribus
994 2377 1280 2443 significata.
1343 2374 1540 2424 Pinnam
1575 2388 1803 2424 vocarunt
1837 2377 1992 2423 Latini
2026 2377 2055 2424 εὶ

398 2454 552 2518 figura
580 2467 724 2520 quam
745 2449 886 2498 habet
928 2447 1118 2495 {imilem
1147 2442 1307 2491 Pinnis
1329 2459 1572 2491 murorum
1591 2475 1603 2494 ,
1639 2454 1688 2488 vt
1701 2441 1842 2489 docet
1877 2444 2051 2491 Aldro·

395 2522 581 2571 nandus
611 2558 624 2570 .
662 2518 759 2577 Alij
783 2529 940 2565 autem
960 2515 987 2564 ἐι
1022 2510 1212 2560 nomine
1250 2511 1419 2557 Graeco
1450 2515 1700 2573 Pinos‚qno
1719 2508 1876 2557 sordes
1911 2509 2053 2572 figni-

399 2590 604 2638 ficantur
630 2622 643 2642 ‚
687 2584 954 2632 deriuatum
989 2575 1262 2627 credunt,eo
1281 2576 1415 2639 quod
1442 2574 1537 2622 fere
1558 2574 1712 2622 sordet
1744 2578 1845 2624 luto
1882 2576 1931 2622 in
1956 2593 2055 2640 quo

396 2656 606 2723 pascitur
634 2689 645 2703 .
682 2653 758 2700 Ab
788 2652 912 2697 Olao
937 2653 1110 2711 Magno
1142 2643 1316 2690 dicitur
1336 2642 1623 2692 Nacberone‚
1657 2645 1815 2691 Nacre
1839 2642 1867 2690 ἐι
1887 2644 2056 2695 Gallis,

397 2722 647 2774 Parricella
694 2720 722 2766 ἐι
763 2714 1024 2766 Tarentinis
1046 2745 1061 2770 ‚
1111 2710 1281 2762 Astura
1315 2707 1374 2757 ab
1427 2708 1735 2756 Anconitanis
1760 2741 1771 2759 ‚
1827 2709 2067 2757 Concha)

402 2787 612 2855 Egiptia
633 2786 691 2838 ab
715 2785 940 2834 Ermolao
958 2814 974 2835 2
1012 2779 1070 2831 ab
1093 2777 1196 2840 aliJ's
1223 2779 1341 2828 Lana
1372 2773 1525 2827 Pinna
1542 2805 1558 2826 2
1600 2773 1694 2826 fiuex
1732 2774 1882 2824 Pinna
1905 2779 2066 2824 Lana...

1890 2857 2001 2908 pro·
