2144 3218
129 1311 349 1365 Experjm,

132 1372 196 1413 23.

128 1571 204 1615 Lib
222 1572 278 1620 1⁹:

496 167 636 237 260.
910 158 1140 232 PARS
1191 159 1565 236 TERTIA·
1591 234 1594 235 f
1635 178 1687 236 12

402 306 499 338 vna
520 292 632 338 delle
644 291 722 356 piis
738 290 986 356 splendid&
1007 308 1031 340 e
1051 288 1285 350 misteriose
1316 293 1436 353 parti
1456 289 1576 347 della
1592 293 1798 356 Filosqfi'a
1818 298 2026 353 nathale
2045 315 2079 356 ;,

401 362 455 412 In
475 373 520 403 re
541 360 696 406 nostra
718 357 829 406 satis
865 359 929 407 est
967 357 1110 407 scire:
1157 361 1360 414 Coiores
1397 353 2082 433 multosexSalibusproli-s

398 424 484 470 lire
505 456 516 474 ‚
536 425 670 488 quod
703 426 897 480 curiosis
918 423 1246 489 experimentis
1268 422 1438 471 intime
1471 425 1711 491 prospexit
1727 435 1879 485 Boiles
1896 467 1908 480 .
1945 427 2076 487 Per-s

396 505 554 545 currat
572 491 791 543 noscendi
813 493 1015 556 cupidus
1051 491 1293 544 eruditum
1337 492 1591 541 traetatum
1610 528 1623 547 ,
1642 512 1783 560 quem
1806 500 1863 546 de-
1886 491 2058 553 colori-

398 557 487 606 bus
528 559 790 622 inscripfit3
831 577 939 609 cum
959 562 1016 609 ab
1049 559 1266 607 instituto
1312 572 1420 606 meo
1445 561 1649 610 maxime}
1675 563 1881 619 alienum
1900 568 1952 615 tit
1989 571 2048 618 ab

398 626 506 685 aliJ's
529 631 752 690 euulgata
778 628 827 673 in
856 629 1052 691 paginas
1075 626 1254 676 nostras
1279 625 1592 686 transuehere2
1609 629 1687 678 sed
1708 633 1824 681 illud
1850 634 2049 683 solum,

399 692 653 757 inquirere,
674 694 805 758 quod
825 694 927 755 aliis
945 729 961 752 ,
989 697 1066 744 vel
1091 694 1237 742 menti
1257 709 1350 741 non
1370 694 1551 744 accedit
1573 730 1586 750 ‚
1609 701 1674 744 vel
1695 703 1882 749 calamo
1914 695 2052 751 non-³v

394 760 592 813 excidit,
612 762 783 826 nempe
804 778 911 811 :cur
929 766 1125 812 caeruleo
1146 765 1307 810 colore
1329 777 1424 811 non
1440 777 1692 827 appareant
1711 768 1924 817 Cochleae
1943 757 2062 834 pige*

396 841 615 877 mentatae
636 832 650 879 ?
712 837 978 895 Antequam
1022 830 1239 879 cominus
1272 845 1369 876 rem
1407 832 1639 894 ,attingam
1669 866 1681 886 ‚
1717 836 1963 898 praemitto
2000 837 2052 884 id

398 897 532 959 quod
554 912 715 944 contra
737 898 1017 948 Paracelsum
1040 897 1197 947 Boiles
1213 897 1339 945 idem
1360 896 1594 946 aduertit:
1634 902 1838 966 Nempe,
1867 905 2058 954 vuinet-

400 963 510 1011 salia
525 964 763 1028 principia
797 967 857 1014 ad
894 965 1248 1015 obfirmandum
1284 965 1524 1014 veritatem
1561 966 1832 1032 indagatam
1854 1003 1868 1028 ,
1911 971 2055 1019 inniti

401 1031 697 1094 experienrn's
720 1033 989 1098 nonposs'e,
1028 1032 1243 1097 adeoque
1265 1031 1377 1080 sales
1414 1049 1506 1080 non
1528 1031 1731 1083 sufficere
1774 1037 1833 1087 ad
1870 1053 2061 1101 genera-

397 1099 580 1148 tionem
599 1102 831 1155 colorum‚
852 1117 960 1150 cum
984 1101 1051 1150 hi,
1072 1099 1303 1163 pendeant
1322 1100 1349 1147 a
1375 1104 1556 1149 Natura
1593 1118 1849 1165 corporum
1886 1107 2042 1169 lingu-

397 1169 585 1219 larium,
605 1183 707 1230 quae
727 1169 988 1232 pinguntur
1006 1166 1035 1215 a.
1059 1167 1233 1216 salibus
1270 1168 1402 1229 quod
1423 1168 1660 1216 euidenter
1679 1171 2062 1235 ostendit,quan-'

398 1234 463 1284 do
482 1251 574 1282 vno
593 1242 857 1299 eodemque
881 1235 1048 1298 spiritu
1084 1233 1212 1282 acidi
1229 1232 1334 1281 salis
1372 1235 1510 1283 flores
1551 1240 1758 1285 nonnulli
1781 1240 1931 1288 crocci
1972 1256 2053 1288 co-

396 1305 512 1359 loris
546 1301 791 1352 subalbum
814 1303 1069 1352 induerunt
1089 1331 1105 1356 ‚
1125 1308 1168 1350 &
1188 1316 1380 1351 croceus
1422 1302 1509 1350 flos
1534 1303 1733 1352 Rubbiae
1772 1306 1918 1353 euasit
1959 1306 2052 1355 in..2

397 1372 592 1419 rubrum
619 1404 632 1417 .
670 1371 746 1419 Sic
780 1372 942 1420 eadem
965 1371 1008 1417 vi
1045 1368 1316 1417 exficcatiua
1350 1368 1475 1431 ignis
1513 1374 1672 1418 colore
1696 1371 1841 1420 rubeo
1878 1375 2043 1420 lateres

398 1438 693 1492 imbuuntur,
709 1439 894 1488 cinereo
921 1440 1120 1503 lignum,
1144 1437 1585 1501 croceoplumbum
1599 1471 1619 1490 ‚.
1634 1437 1803 1488 ferrum
1830 1439 2057 1493 violaceo,

397 1505 532 1572 quod
553 1510 721 1556 Sancto
738 1508 923 1556 ‘meloto
943 1519 1274 1569 argumentum
1312 1504 1513 1571 praebuit
1548 1505 1839 1554 existimandi
1863 1511 2043 1554 colores

397 1572 562 1640 perfici
576 1573 742 1633 potius
763 1576 933 1627 calore,
956 1587 1097 1635 quam
1132 1573 1342 1631 generari
1367 1603 1379 1621 ‚
1405 1572 1608 1633 ideoque
1649 1573 1718 1620 ait
1748 1574 1929 1622 Colores
1950 1575 2057 1622 dieti

129 1634 324 1681 'ngaefl
388 1644 498 1704 sunt
515 1641 630 1703 quod
654 1641 798 1686 colore
819 1642 952 1700 ignis,
979 1638 1060 1683 vel
1089 1638 1201 1683 Solis
1225 1633 1515 1698 perficiantur
1534 1669 1547 1680 .

136 2525 364 2577 Lib-saede]

137 2597 181 2626 {e
211 2581 365 2638 nietall.

534 1704 625 1753 His
643 1702 907 1769 praelibatis
934 1735 947 1755 ,
966 1701 1094 1766 quali
1115 1716 1168 1747 ex
1184 1701 1345 1747 limine
1383 1700 1658 1763 progrediar
1677 1701 1736 1749 ad
1763 1715 1952 1749 examen
1973 1719 2054 1751 co-

398 1771 515 1821 loris
534 1772 944 1834 caerulei-Apparet
961 1768 1246 1817 hicnatiuus
1268 1768 1315 1813 in
1342 1767 1599 1820 Frustibus‚
1614 1769 2050 1823 Floribus‚I-’Ierbis‚

401 1840 706 1904 Liquoribus,
727 1839 904 1887 Auium
930 1836 1261 1897 Pennis‚atque
1287 1834 1659 1896 Lapidibusmon
1680 1836 1902 1883 tamenin
1935 1837 2061 1886 testis

402 1908 758 1957 Testaceorum,
781 1906 939 1952 saltem
962 1918 1057 1950 non
1079 1904 1205 1949 ineo
1243 1901 1391 1963 gradu
1415 1901 1624 1951 tincturae
1651 1902 1946 1950 exuberantis
1971 1937 1984 1956 ,
2010 1918 2057 1951 vt

401 1975 452 2023 in
476 1975 708 2025 Floribus,
738 1972 921 2024 Pennis,
949 1969 1202 2033 Lapidibus
1225 1983 1238 2019 3
1271 1981 1483 2031 atque‚vt
1507 1970 1599 2016 hoc
1620 1985 1841 2018 arcanum
1868 1974 2060 2019 Natura:

403 2043 573 2092 intime
590 2041 900 2105 perscrutetur
916 2036 1259 2102 pulcherrimus
1279 2034 1340 2083 est
1360 2037 1406 2082 in
1433 2036 1644 2099 saphiro,
1679 2036 1911 2086 Orientali
1930 2053 2061 2100 gem»

404 2126 486 2160 ma
505 2140 519 2164 ‚
562 2126 704 2174 quam
750 2109 856 2156 Indi
888 2103 1195 2161 Calecutani,
1222 2106 1492 2153 Cananores
1526 2105 1700 2153 Zeilani
1728 2138 1740 2157 ,
1765 2110 1810 2151 δε
1832 2106 2030 2153 Peruani
2049 2137 2064 2158 ,

401 2176 531 2243 apud
553 2194 678 2241 quos
700 2188 976 2239 generatur,
1029 2175 1224 2221 Nilaum
1264 2174 1532 2236 appellant3
1570 2184 1766 2235 apparet
1799 2171 1846 2218 in
1867 2172 2060 2234 lapido,

404 2246 659 2309 Zaphirino
679 2244 824 2308 vulgo
860 2242 991 2291 dicio
1016 2239 1308 2304 Lapislazulo
1333 2271 1348 2294 ,
1382 2254 1464 2288 aut
1487 2240 1722 2288 Turchina
1742 2274 1753 2287 .
1792 2244 1948 2301 Atque
1970 2240 2059 2287 hu-

404 2312 611 2361 iusmodi
632 2312 813 2374 lapides
832 2343 845 2367 ,
887 2309 998 2358 teste
1019 2308 1178 2356 Plinio
1200 2305 1486 2356 Theofrasto
1509 2340 1522 2362 ‚
1537 2313 1582 2354 <Sc
1604 2306 1851 2355 Discoride
1878 2307 2056 2353 Austo-

404 2380 537 2429 ribus
555 2378 909 2432 cruditiffi1nis:‚
930 2383 974 2425 &
992 2373 1223 2426 accuratis
1252 2378 1441 2423 Naturae
1464 2374 1838 2437 indagatoribus,
1858 2372 2066 2435 gignuna

403 2462 481 2499 tur
501 2450 549 2496 in
574 2450 872 2496 Metallorum
892 2444 1087 2497 fodinis,
1109 2458 1162 2492 ac
1183 2443 1417 2506 praecipue
1434 2442 1587 2505 cupri,
1607 2441 1710 2490 auri
1734 2474 1745 2491 ,
1785 2445 1828 2486 &
1847 2441 2027 2502 argenti
2053 2455 2068 2492 3

405 2516 541 2581 quod
563 2515 681 2565 adeo
700 2527 881 2562 certum
908 2513 974 2561 est
1009 2544 1022 2564 ,
1051 2525 1098 2559 vt
1123 2509 1348 2572 Agricola
1366 2511 1544 2573 lignum
1563 2508 1815 2557 infallibile
1843 2506 1970 2554 dicat
1986 2523 2069 2555 au-

407 2585 464 2637 ri,
489 2587 554 2631 vel
579 2585 761 2647 argenti
788 2581 854 2628 ibi
881 2580 979 2637 effe,
999 2579 1076 2626 vbi
1097 2580 1318 2626 caeruleus
1346 2591 1538 2641 apparet
1558 2577 1605 2623 in
1641 2590 1761 2624 terra
1778 2607 1792 2622 .
1829 2576 1889 2620 Et
1910 2573 2065 2634 quia.»

407 2652 679 2717 Zaphirinus
713 2649 814 2698 auri
836 2681 848 2699 ,
867 2651 931 2695 vel
952 2645 1136 2710 argenti
1162 2644 1285 2694 venis
1325 2643 1502 2710 semper
1520 2645 1784 2692 interimet,
1811 2641 1988 2689 Mesues
2009 2641 2065 2690 il·

408 2724 506 2769 lum
530 2719 649 2766 inter
675 2717 878 2765 stellatos
918 2717 1092 2778 lapides
1115 2713 1381 2761 numerauit
1410 2743 1426 2761 .
1481 2715 1554 2761 Ita
1581 2713 1627 2758 in
1646 2711 1809 2758 Silefiae
1838 2709 2067 2771 Oppido,

407 2788 544 2851 quod
565 2784 947 2847 Golderbergum
981 2781 1010 2829 a
1045 2781 1210 2832 vicino
1233 2794 1394 2829 monte
1444 2779 1545 2830 auri
1585 2779 1731 2827 ferace
1758 2776 1923 2825 dicunt
1940 2809 1951 2827 ‚
1968 2790 2074 2838 per-

409 2853 678 2904 feeriffimus
696 2852 910 2916 gignitur
933 2884 946 2897 .
985 2849 1141 2913 Prope}=
1161 2852 1374 2913 Cyprum
1400 2844 1448 2895 in
1471 2848 1700 2898 cauernis,
1726 2846 1867 2894 maris
1886 2843 2065 2916 impetu

411 2922 644 2975 ext-anatis
674 2918 812 2969 refert
831 2920 1059 2983 Agricola
1077 2931 1165 2969 vna
1184 2933 1292 2969 cum
1311 2914 1489 2971 feracib
1507 2932 1562 2969 us
1583 2913 1760 2975 metalli
1780 2909 2072 3026 venislgzgui.

1933 2991 2007 3025 am
