2144 3218
461 111 988 196 PROBLEMA
1036 99 1285 192 XXVE
1483 136 1605 200 241

38 260 128 316 que
148 237 350 297 ratione‚'
375 253 518 304 quam
552 235 684 286 affert
722 235 1038 290 Aristoteles;
1084 237 1280 286 Constat
1306 272 1317 290 ,
1356 236 1518 301 inquit
1551 237 1666 289 ille)
1689 271 1702 290 2

20 315 222 370 'Tactus
258 318 629 373 temperamento
653 305 864 369 quodam
887 337 901 357 ,
920 308 966 352 δε
982 302 1315 353 mediocritate
1340 305 1699 369 tangibiliunL,

34 381 336 446 qualitatum
357 391 466 424 cum
497 386 656 423 autem
678 372 940 426 Offa‚1icut
991 377 1036 424 δε
1059 372 1198 422 Testae
1218 405 1230 422 ‚
1252 374 1340 419 fint
1356 373 1499 421 nimis
1519 386 1666 423 terrea
1684 405 1700 426 ‚

33 447 251 511 adeoque
268 445 296 495 a
314 442 555 493 mediocre
577 440 818 506 temperie,
841 438 989 489 tactui
1009 438 1269 497 necessaria,
1291 438 1496 495 nimium
1521 439 1696 489 distan-

29 517 112 569 tia,
135 516 242 563 hinc
264 525 458 574 vtraque
479 510 605 558 tactu
627 508 733 556 sunt
744 507 965 557 destituta
1000 540 1012 553 .

167 576 537 630 Examinandum
564 589 721 624 tamen
758 573 991 638 superest:
1032 589 1133 638 quo
1166 576 1305 637 paeto
1324 607 1337 626 ‚
1386 578 1543 639 &qua
1566 575 1689 624 vim

33 650 408 699 communicetur
433 642 578 692 Testis
618 643 927 698 alimentum,
962 653 1010 688 vt
1024 639 1266 690 crescant?
1300 642 1530 692 Curiosus
1572 643 1692 690 hane

34 714 291 778 indagandi
313 747 327 766 ,
357 711 517 760 inueni
545 709 684 758 facile
706 713 754 756 in
779 707 1056 758 Biualuibus
1073 740 1089 766 ‚
1109 723 1161 757 ac
1175 707 1269 761 fere*
1290 708 1338 754 in
1377 710 1695 758 Vniualuibus

24 783 246 831 omnibus
275 795 370 829 non
393 778 678 828 Turbinatis
700 809 716 826 .
752 778 973 825 Partibus
997 779 1125 824 enim
1162 775 1364 825 viuentis
1391 776 1438 824 in
1483 792 1694 826 eorum-.-

23 849 220 913 fingulis
265 846 612 896 adhaerentibus
631 844 795 897 Testis,
814 861 907 891 non
931 842 1076 896 secus,
1097 858 1152 891 ac
1191 841 1385 895 fructus,
1412 850 1456 892 ὃς
1478 844 1692 908 filiqua.)

25 915 142 965 fabae
169 916 478 967 iiiclusu32vel
513 912 682 962 domui
712 910 800 962 suae
837 911 1040 962 testudo,
1061 911 1270 960 dubitari
1295 927 1391 958 non
1416 913 1583 976 potest,
1611 928 1693 975 per

24 998 131 1033 eam
154 984 278 1032 viam
311 983 592 1030 alimentum
630 979 860 1028 corriuari
893 978 1030 1027 Testae
1055 1011 1066 1030 ‚
1112 992 1160 1025 vt
1185 977 1414 1026 crescente
1442 980 1651 1028 Animali
1675 1013 1687 1032 ,

25 1047 376 1113 crescat&ipsa
413 1046 647 1096 Animalis
683 1046 812 1098 testa,
848 1046 1040 1110 eiusque
1067 1045 1195 1093 bono
1233 1045 1687 1095 commensurata.)-

26 1115 287 1167 Dubitanti
323 1129 479 1167 tamen
503 1114 654 1167 mihi;
696 1130 809 1163 num
845 1114 896 1161 in
921 1113 1019 1178 ipsa
1039 1113 1184 1162 ctiam
1212 1114 1467 1162 Turbinata
1489 1116 1700 1164 corriua-

24 1196 405 1238 retur,conatus
440 1182 502 1230 est
547 1197 736 1229 omnem
775 1181 1032 1230 dubitandi
1073 1182 1306 1230 rationem
1350 1180 1531 1230 auferre
1573 1183 1696 1230 Scri-

10 1253 14 1256 ’
27 1265 163 1315 pror,
198 1251 319 1298 inter
338 1249 642 1298 Recentiores
676 1265 775 1296 non
813 1249 1059 1314 ignobilis,
1082 1248 1699 1299 affirina1is‘:horumetiam

19 1322 228 1366 lcarnem
271 1317 389 1365 test'ae
423 1318 650 1365 inhaerere
690 1321 742 1365 in
776 1315 1090 1380 profundiore
1132 1330 1264 1382 parte
1308 1320 1530 1369 Cochleae
1559 1351 1571 1370 ‚
1596 1335 1699 1382 qua:

22 1385 248 1449 spirarum
282 1399 492 1433 centrum
531 1397 831 1449 nuncupatur
864 1416 881 1434 .
927 1385 1058 1445 Quia
1098 1397 1255 1435 tamen
1291 1383 1340 1432 in
1378 1384 1568 1434 ferenda
1602 1385 1702 1433 sen-

21 1453 169 1502 tentia
205 1453 261 1500 de
285 1451 569 1514 corporibus
592 1452 893 1502 naturalibus
914 1485 930 1508 ‚
957 1452 1147 1500 consilia
1168 1450 1371 1514 petenda
1395 1453 1501 1500 lunt
1518 1485 1531 1504 ‚
1558 1468 1698 1502 non...-

27 1536 80 1567 ex
114 1533 268 1567 mente
299 1519 410 1570 sola,
433 1522 500 1565 vel
527 1518 737 1581 propria,
765 1520 833 1564 vel
852 1518 1019 1569 aliena,
1043 1516 1191 1564 sedin
1216 1516 1657 1569 consultationem-³
1679 1555 1689 1571 ,

30 1592 74 1634 ὅ(
98 1587 182 1650 ipsi
208 1585 360 1633 sensus
384 1585 579 1633 vocandi
603 1617 614 1634 2
639 1583 823 1632 summo
868 1584 1027 1632 studio
1052 1617 1065 1637 ‚
1090 1583 1229 1632 semel
1263 1597 1407 1649 atque
1427 1586 1599 1635 iterum
1628 1588 1699 1634 in-

32 1652 166 1704 stiti,
216 1664 265 1698 vt
299 1652 422 1698 hunc
467 1649 723 1698 arotiffimae
764 1649 1113 1699 coniuiiffionis
1156 1651 1338 1699 nodum
1379 1652 1699 1716 deprehende·

27 1736 140 1775 rem,
168 1724 211 1766 δε
232 1718 448 1780 inspectis
477 1717 537 1764 ad
572 1717 765 1768 vltimas
788 1717 929 1766 fibras
980 1718 1144 1766 multis
1183 1719 1456 1768 Turbinatis
1501 1721 1696 1784 specie)

23 1786 216 1835 diuerfis
242 1819 254 1838 ‚
282 1785 332 1832 in
354 1801 438 1834 vna
462 1796 650 1832 tantum
681 1786 824 1848 potui
854 1784 990 1832 illum
1019 1784 1234 1848 detegere
1276 1819 1288 1838 ‚
1332 1785 1547 1851 solusque
1578 1790 1696 1836 mihi

27 1853 221 1902 obuiam
250 1851 341 1899 fuit
364 1867 505 1899 nexus
548 1851 643 1903 ille,
664 1850 749 1916 qui
788 1853 836 1897 in
868 1854 983 1899 Ouo
1020 1865 1244 1915 putamen
1271 1854 1452 1903 Vitello
1489 1857 1696 1908 maritat,

22 1921 284 1981 intercepto
310 1918 505 1970 humore
543 1918 656 1972 il10,
694 1919 827 1982 quod
869 1919 1090 1969 albumen
1110 1933 1311 1970 vocatur
1335 1955 1348 1968 .
1389 1923 1515 1970 Hinc
1562 1940 1697 1973 nom,

24 1989 228 2050 amplius
273 1999 439 2047 anceps
476 1983 544 2032 fui
575 1985 691 2047 quin.
709 1983 995 2033 affirmarem
1019 1985 1068 2033 in
1090 1987 1362 2038 Turbinaris
1385 2022 1397 2040 ‚
1425 1994 1558 2038 nullo
1598 1990 1695 2041 alio

22 2070 139 2102 nexu
171 2055 420 2115 copulante
444 2051 624 2099 Testam
667 2067 774 2101 cum
800 2051 1008 2101 Animali
1032 2085 1045 2105 ,
1086 2053 1171 2101 nifi
1192 2053 1394 2103 humore
1421 2056 1600 2106 viscoso
1640 2076 1694 2106 ex

22 2121 148 2170 illius
190 2119 320 2183 poris
355 2118 581 2168 exudanre
602 2152 615 2171 ,
634 2119 831 2168 humore
856 2119 959 2184 ipso
982 2119 1161 2169 Testam
1198 2123 1386 2174 nutriri,
1404 2121 1490 2171 sese
1515 2125 1573 2172 ad
1600 2126 1693 2173 exi-

19 2189 227 2251 gentiam
267 2187 496 2239 Animalis
526 2187 919 2236 accommodante
943 2221 956 2234 .
994 2191 1162 2252 Neque
1181 2191 1209 2236 a
1237 2189 1433 2239 veritate
1456 2192 1686 2241 absonum

23 2255 210 2303 videtur
227 2254 394 2302 addere
419 2272 431 2301 z
472 2254 572 2318 ipsa
590 2255 733 2303 maris
757 2269 880 2319 aqua
910 2288 923 2307 ,
944 2255 1073 2320 quasi
1109 2259 1224 2305 lacte
1243 2290 1257 2309 ,
1295 2272 1347 2306 ea
1369 2259 1583 2310 enutriri,
1608 2261 1696 2309 do.

23 2335 153 2370 cente
178 2323 458 2386 experientia
483 2342 495 2370 ε
553 2322 761 2371 Arbores
803 2321 947 2386 longe*
978 2323 1132 2386 magis
1176 2325 1432 2374 excrescere
1487 2327 1693 2391 irrigaris

26 2404 150 2452 aqua
173 2388 335 2448 rami3‚
357 2406 503 2453 quam
521 2389 748 2439 alimento
771 2403 826 2437 ex
863 2395 999 2439 Terra
1028 2405 1110 2453 per
1131 2391 1313 2442 radices
1334 2395 1692 2458 attrastmquod

28 2456 214 2520 planius
257 2456 311 2504 fit
344 2458 392 2503 in
419 2457 642 2510 Corallis,
666 2458 873 2521 fucoque
913 2460 1098 2507 marino
1120 2461 1477 2523 erumpentibus
1527 2463 1693 2510 videli-

29 2538 104 2574 cet
130 2539 183 2570 ex
199 2522 435 2575 duriffima
476 2525 597 2575 filice
620 2523 740 2573 hisce
757 2526 950 2589 plantis,
977 2527 1305 2589 nullaprorsus
1329 2528 1480 2576 radice
1516 2530 1689 2582 infixis,

36 2591 227 2657 solaque
251 2591 390 2643 maris
421 2609 545 2661 aqua
562 2607 647 2658 per
665 2608 813 2663 poros
859 2595 1169 2664 vndequaque
1200 2599 1399 2647 attracta
1438 2598 1656 2646 enutriris
1679 2633 1690 2647 .

972 2927 1021 2977 Η
1043 2922 1073 2969 h
1479 2930 1635 2978 PRO-
