2144 3218
454 72 995 156 PROBLE'rvffi
1030 77 1290 151 xxiii.
1484 84 1614 169 2235

40 222 311 274 ‘minarenm
352 207 668 273 quamobrem
702 205 960 274 diligenter
998 207 1362 262 obseruantibus
1416 225 1606 263 motum
1649 215 1724 278 ip⁴

37 294 204 340 sarum,
225 277 530 331 ‚manifestum
549 276 606 325 fit
627 309 640 329 ‚
665 276 775 328 data
796 280 878 327 esse
899 279 972 328 illi
996 290 1179 331 cornua
1199 285 1228 330 εὶ
1258 287 1441 334 Natura
1472 283 1522 333 in
1544 282 1729 348 supple·

33 369 252 407 mentum-
276 364 503 400 manuum
528 379 542 400 ‚
588 347 731 396 veluti
758 364 882 397 caeco
903 348 1106 414 gradum
1145 352 1381 404 tentanti,
1420 357 1463 401 &
1512 351 1730 401 obstacu-

35 429 153 476 lum,
179 434 262 471 aut
295 418 563 484 periculum
593 414 776 466 itineris
821 419 1081 481 exploranti
1111 452 1124 466 .
1154 421 1366 469 Duobus
1412 419 1537 471 enim
1570 420 1728 469 mino-

31 493 162 542 ,ωας
183 487 417 538 ,cornibus
440 519 452 538 ‚
472 485 522 539 in
545 485 605 543 ijs
631 516 645 536 ‚
683 503 788 551 quae
827 500 1038 551 quatuor
1061 488 1288 538 cornibus
1318 488 1423 538 sunt
1452 487 1690 539 instrue}ae
1709 520 1725 540 ,

30 558 265 625 paulatim
301 566 540 619 reptantes
565 584 577 603 ,
599 566 781 612 tentant
824 554 1081 609 identidem
1102 556 1445 622 vian1‚reliquis
1471 557 1582 604 vero
1603 555 1730 608 duo-

33 631 121 677 bus
147 627 196 674 in
220 637 323 673 aere
363 621 552 669 libratis
579 651 592 671 ‚
635 626 680 668 &
705 624 753 668 in
789 623 998 676 diuersas
1031 638 1191 691 partes
1234 625 1729 678 contortis‚certiores

28 696 178 745 fiunt,
222 688 347 755 poss'e
369 704 450 754 per
471 686 591 737 illud
610 686 816 751 spatium
858 707 966 746 tuto
991 694 1186 744 euehere
1210 694 1427 746 domum,
1461 707 1605 757 quam
1639 692 1729 739 hu«

31 761 174 810 meris
195 760 443 809 baimam,
477 754 671 820 eiusque
709 753 917 820 ponderi
960 762 1244 816 incumbunt
1270 797 1282 815 ‚
1324 777 1430 811 cum
1453 776 1555 809 eam
1594 758 1732 808 susti..

29 842 141 878 nent
167 858 182 885 ‚
224 833 267 876 δε
289 826 486 891 quidem
507 823 608 872 siin
631 823 705 871 his
733 822 953 886 partibus
978 828 1241 887 praeferunt
1269 829 1448 879 sensum
1483 827 1605 876 visus
1642 841 1729 875 cur

27 898 88 947 ad
126 913 234 946 eum
275 898 416 943 {itum
441 891 769 957 peruenientes
806 891 858 938 in
900 908 1003 956 quo
1052 897 1241 954 poliunt
1282 897 1726 963 impedimentum-2

29 965 230 1029 aliquod
266 960 631 1026 deprehendere,
653 974 749 1006 non
767 956 994 1009 desistunt
1030 957 1057 1005 εἰ
1074 975 1213 1011 motu
1240 996 1252 1015 ‚
1275 965 1352 1014 sed
1388 964 1608 1016 audaSter
1631 964 1723 1013 in„

26 1033 79 1081 id
117 1030 248 1097 quod
269 1027 815 1088 obiicitnrimxehuntur
841 1059 854 1079 ,
876 1042 931 1076 ac
967 1027 999 1074 fi
1018 1028 1293 1079 acutissimis
1334 1031 1537 1080 senlibus
1582 1030 1722 1080 efl'ent

23 1114 214 1150 armatae
240 1133 252 1152 ‚
278 1112 433 1162 neque
462 1111 675 1161 vnquam
703 1096 947 1146 recedunt,
986 1093 1069 1142 nisi
1092 1112 1200 1145 cum
1235 1098 1444 1150 sentiunt
1462 1099 1685 1149 duritiem
1705 1132 1720 1155 ,

27 1171 104 1223 vel
127 1167 329 1216 solidam
351 1164 538 1229 lapidis,
575 1165 644 1210 vel
665 1162 920 1214 delicatam
945 1161 1113 1211 florise
1154 1169 1322 1231 Neque
1362 1181 1594 1218 contentae
1630 1167 1721 1218 in,

26 1236 70 1284 se
97 1235 220 1299 ipsas
247 1233 289 1281 se
313 1231 568 1297 collegisse,
589 1230 648 1279 ad
685 1231 902 1295 primum
925 1227 1212 1282 leuissimum
1238 1250 1403 1286 eorum
1425 1239 1726 1289 artadum-2,

28 1304 223 1355 iterum,
256 1301 527 1365 iterumque
549 1314 601 1348 ea
623 1303 870 1363 explorant
902 1333 916 1353 ‚
953 1299 1224 1364 euaginatis
1260 1305 1419 1354 denuo
1445 1305 1725 1370 paulatim

24 1370 282 1421 corniculis
303 1404 318 1428 ,
361 1368 423 1418 ad
458 1380 648 1420 motum
678 1366 897 1417 timentis
926 1398 941 1420 ‚
982 1373 1027 1415 ὃ(
1051 1383 1149 1418 11011
1168 1372 1373 1424 videntis
1392 1404 1409 1424 ι
1466 1374 1722 1423 Εηῑῑῒὶιιθῐό

26 1442 209 1488 nullum
239 1438 302 1486 est
324 1437 529 1493 Animal,
554 1434 676 1484 adeo
699 1435 947 1491 stolidum,
970 1448 1021 1482 vt
1044 1435 1212 1499 spontex
1238 1457 1442 1504 exponat
1462 1442 1719 1492 incursibus

21 1506 289 1571 potentiam
311 1503 437 1551 illam
462 1535 475 1555 ‚
497 1517 642 1569 quam
663 1500 873 1549 institnit
918 1504 1134 1558 Natura,
1160 1518 1209 1553 vt
1228 1507 1432 1557 euitaret
1468 1508 1682 1557 incursus
1711 1527 1724 1562 3

27 1577 210 1621 nullum
233 1571 410 1634 quippe
447 1572 651 1632 reperias
677 1600 689 1619 ‚
715 1570 803 1631 qui
823 1570 979 1619 oculis
1001 1571 1252 1624 inuehatur
1270 1577 1320 1625 in
1341 1577 1497 1642 spinas
1514 1609 1531 1635 ‚
1575 1589 1624 1623 vt
1646 1591 1720 1627 ea-

27 1655 132 1687 rnm
156 1639 412 1702 punffruras
439 1639 651 1701 exploret
676 1667 690 1682 .

168 1704 401 1753 Instrustae
425 1703 576 1766 igitur
600 1702 730 1757 fuere
770 1702 992 1751 Cochleae
1033 1704 1107 1756 his
1130 1707 1283 1757 verius
1306 1710 1510 1773 brachijs
1535 1747 1547 1767 ‚
1568 1716 1715 1779 qudm

27 1774 272 1822 cornibus,
297 1783 345 1817 vt
369 1785 422 1817 ex
461 1772 518 1831 ijs
541 1767 809 1832 suppeteret
846 1770 1077 1820 auxilium
1106 1774 1166 1822 ad
1209 1790 1397 1827 motum
1418 1797 1433 1833 3
1454 1796 1606 1846 neque
1625 1783 1716 1833 :his

32 1854 195 1889 omnes
216 1838 405 1887 fuerunt
423 1836 668 1889 instruerer,
691 1837 916 1900 quamuis
956 1855 1090 1904 vagae
1113 1874 1126 1894 ,
1156 1857 1241 1891 nec
1262 1848 1379 1897 locis
1417 1847 1715 1915 scopulisque

24 1908 177 1955 infixae
217 1923 230 1959 2
278 1903 354 1951 sed
377 1905 465 1952 111ae
487 1917 674 1951 tantum
700 1937 712 1956 ‚
736 1922 838 1969 quae
859 1919 996 1954 motu
1017 1909 1314 1974 progresliuo
1338 1911 1380 1959 se
1405 1919 1675 1981 prouehunt
1700 1934 1714 1970 ;

25 1973 297 2024 cuiulmodi
319 1972 425 2021 sunt
467 1969 749 2026 Turbinata‚
767 1973 826 2019 de
848 1971 1026 2034 quibus
1050 1973 1234 2021 Plinius
1257 2008 1269 2023 .
1308 1987 1451 2030 Omne
1475 1984 1714 2033 Turbina-

26 2057 175 2092 torum
194 2052 336 2105 genus
373 2053 594 2089 mouetur,
616 2055 667 2086 ac
679 2039 825 2104 serpit
848 2070 862 2086 .
905 2042 1074 2085 Praeter
1097 2039 1194 2089 haec
1216 2040 1394 2107 inquit,
1413 2048 1707 2105 Aristoteles,

27 2125 113 2157 non
137 2110 294 2169 desunt
336 2107 585 2171 complura,
609 2121 698 2171 quae
721 2122 825 2155 cum
855 2104 947 2167 fint
962 2105 1161 2166 absoluta
1183 2142 1195 2162 ‚
1229 2127 1409 2163 mouere
1434 2130 1582 2166 tamen
1613 2121 1713 2179 se„

25 2188 282 2240 nequeunt,
320 2187 378 2222 vt
402 2174 553 2231 Osireae
578 2207 592 2229 ,
639 2171 723 2221 nili
762 2172 811 2220 in
848 2187 1081 2236 quantum
1122 2175 1326 2228 dilatant
1350 2210 1363 2233 >
1390 2186 1459 2232 vel
1486 2187 1715 2237 claudunt

24 2241 153 2306 septa
168 2242 283 2294 duo,
314 2241 438 2290 intra
460 2257 565 2305 quae
596 2239 795 2297 viuunt,
824 2254 872 2288 vt
888 2242 1168 2294 alimentum
1208 2247 1399 2299 trahant
1418 2266 1472 2299 ex
1507 2269 1672 2306 mare.)
1693 2286 1710 2305 .

25 2311 103 2356 De
125 2309 230 2370 alijs
265 2310 508 2362 nonnullis
539 2341 553 2363 ,
578 2323 699 2374 quas
732 2310 937 2360 Chamas
961 2315 1086 2360 leues
1120 2318 1362 2380 appellant
1381 2351 1396 2376 ,
1417 2317 1595 2386 scripfit
1617 2322 1718 2372 Pli-

22 2377 131 2425 nius
159 2378 318 2427 vidisse
369 2377 412 2425 se
438 2379 487 2424 in
511 2393 683 2443 gyrum
729 2380 1104 2445 torqueri,'quin
1138 2398 1348 2449 vnquam
1369 2387 1397 2437 a
1422 2391 1533 2437 loco
1573 2406 1719 2439 occu-

25 2457 142 2508 pato
165 2446 434 2493 recederent
457 2479 470 2499 ,
503 2445 908 2510 quemadmodum
937 2453 1075 2499 Rotae
1098 2448 1243 2500 firmo
1286 2453 1360 2501 axi
1398 2455 1549 2505 infixae
1574 2474 1723 2523 quan-

32 2512 214 2562 tumuis
245 2512 449 2563 incitatae
470 2520 528 2563 ad
551 2528 760 2568 motum,
780 2531 1023 2584 nunquam
1050 2520 1272 2574 recedunt
1292 2523 1320 2573 εὶ
1357 2538 1519 2574 centro
1540 2560 1554 2580 ,
1584 2528 1721 2593 super

34 2580 167 2645 quod
196 2578 288 2629 sese
310 2596 634 2649 contorquent
660 2618 673 2632 .

164 2653 265 2697 Iam
296 2651 404 2699 vero
428 2652 763 2707 fiirurbinatis
799 2652 886 2702 sese
903 2658 1208 2709 mouentibus
1245 2691 1258 2712 ‚
1306 2663 1476 2710 oculos
1525 2664 1720 2728 negauit

28 2717 232 2770 Natura,
254 2718 446 2768 illorum
473 2719 709 2775 defestum
737 2721 858 2771 hisce
887 2724 1208 2777 instrumentis
1241 2728 1479 2794 suppleuit
1503 2763 1514 2782 ‚
1543 2747 1592 2779 vt
1613 2735 1719 2796 pol-

25 2781 124 2832 sent
146 2787 374 2849 progredi
402 2820 417 2844 ,
449 2785 589 2853 seque
611 2790 657 2838 in
683 2790 724 2838 se
749 2790 846 2855 ipsa
867 2796 1142 2862 recipiendo
1180 2831 1192 2850 ,
1237 2797 1264 2846 ἐι
1282 2801 1534 2858 contrariis
1565 2800 1718 2856 tueri,

23 2853 435 2916 quemadmodum
473 2856 655 2908 sensum
717 2860 920 2912 olfactus
985 2864 1430 2929 perspicaciffimum
1499 2868 1723 2916 onmibus

1031 2937 1078 2982 G
1106 2950 1138 2998 g
1210 2949 1238 2984 2
1576 2936 1665 2983 im-
