2144 3218
520 154 649 227 146,
947 135 1176 225 RARS
1229 135 1680 214 SECVNDA

427 295 557 360 257
627 275 836 320 venerea
851 267 939 318 oui
952 267 1201 334 gallinacei
1219 268 1421 334 figuram
1446 274 1707 338 exprimens
1729 274 1890 329 colore
1908 273 2055 328 rara„
2075 305 2091 330 ,

658 352 760 402 qno
781 335 962 387 fuluam
1002 336 1170 385 Leonis
1204 336 1443 388 caesariem
1468 340 1683 390 imitatur
1702 346 1800 396 eius
1828 346 1989 396 testam
2012 361 2090 394 ro.

422 401 584 455 tundis
606 405 805 454 lamellis
824 403 1020 452 cinereis
1048 400 1315 452 tessellatam
1333 405 1501 455 --fascia
1526 407 1734 457 eiusdem
1765 414 1944 462 coloris
1970 412 2091 462 bifa-

421 473 540 521 riam
561 475 709 538 signat
728 509 741 524 .
781 473 895 521 Oris
912 469 1150 534 margines
1179 472 1512 537 xerampelinis
1531 476 1783 526 denticulis
1807 481 2090 545 rubiginosis

423 554 697 593 armantur.

424 615 557 691 258
629 613 838 683 V-enerea
857 602 1107 654 testudinis
1130 602 1272 655 instat
1283 605 1483 671 gibbosa
1513 643 1526 663 2
1545 612 1698 660 laneo
1723 613 1884 661 colore
1902 611 2091 662 tincta„

664 691 715 723 in
732 686 863 739 parte
881 670 1024 723 dorso
1043 672 1279 736 opposita,
1297 673 1503 724 eiusdem
1524 680 1666 727 latera
1687 680 1859 743 partim
1882 677 2092 734 liuida),

422 747 599 818 partim
632 740 851 793 heluaeea
892 775 908 797 2
960 737 1155 789 dorsum
1194 753 1352 793 autem
1389 743 1551 795 rufum
1591 747 1714 797 albis
1768 746 1958 796 stellulis
2000 762 2092 797 no-

423 819 605 870 tabilm
632 845 647 858 ·
2076 802 2095 815 ⁴

432 909 566 974 259
634 885 843 930 Venctea
862 873 1163 940 longitudine
1182 875 1369 928 maiori,
1386 893 1531 941 quam
1553 893 1731 931 caeterae
1755 879 1947 929 extensa.
1969 881 2098 931 Dor-

664 947 765 995 sum
786 948 834 995 in
855 947 1041 995 summo
1059 943 1239 992 varium
1261 943 1323 991 est
1341 947 1517 995 carneis
1544 981 1556 1000 ,
1581 949 1769 1012 pallidis
1803 982 1820 1007 ,
1847 947 1988 998 fuluis
2014 979 2027 999 2
2049 953 2094 995 δέ

427 1014 610 1079 glaucis
643 1016 840 1065 maculis
862 1046 878 1064 .
935 1011 1170 1076 vtrinque
1211 1027 1295 1075 per
1329 1013 1472 1062 latera
1508 1015 1794 1064 subminium
1835 1026 2031 1078 apparet
2071 1046 2088 1060 .

429 1081 648 1136 Pars,vbi
667 1082 767 1131 oris
786 1093 1019 1148 apertura,
1034 1077 1290 1127 denticulis
1318 1078 1437 1129 albis
1461 1082 1619 1145 aspera
1636 1113 1651 1132 .
1707 1089 1762 1130 In
1792 1084 1911 1131 mari
1933 1081 2093 1130 Siculo

431 1150 663 1214 reperitur
680 1150 918 1199 interdum
954 1144 1222 1195 transuersis
1246 1144 1452 1194 fasciolis
1483 1148 1768 1212 segmentata
1787 1184 1799 1197 .

430 1225 567 1290 260
637 1215 816 1269 Indica>
841 1225 886 1263 &
903 1228 1006 1263 rara
1020 1211 1098 1266 est,
1122 1229 1225 1276 quae
1247 1212 1331 1261 sub
1353 1212 1445 1260 hoc
1465 1230 1660 1264 numero
1680 1214 1976 1263 describitur:
2001 1211 2097 1261 fert?

675 1283 985 1348 vnde-quaque
1021 1296 1076 1330 ex
1095 1279 1250 1329 liuido
1268 1275 1461 1329 albescit
1481 1315 1494 1337 ,
1533 1288 1577 1329 &
1600 1281 1926 1344 frequentibus
1962 1279 2101 1328 lineis

428 1358 593 1410 fuluis,
624 1368 721 1401 non
744 1350 791 1397 in
811 1356 1009 1416 longum
1033 1347 1276 1411 produffls
1295 1379 1308 1400 ,
1332 1345 1408 1393 sed
1430 1349 1705 1397 minutatim
1725 1346 1924 1396 vconcilis
1948 1345 2099 1409 ligna-

427 1442 525 1483 ων,
553 1425 619 1471 ita
641 1434 690 1469 vt
709 1420 910 1482 spatiola
929 1415 1026 1464 fere
1043 1413 1248 1465 rotunda
1277 1416 1467 1462 *cinerea
1486 1416 1804 1469 interiaceant,
1823 1420 1867 1460 8<
1888 1413 2106 1476 aliquan-

424 1499 495 1546 do
513 1489 661 1539 veluti
677 1487 928 1534 carasteres
951 1483 1174 1531 Arabici,
1206 1481 1302 1528 fine*
1332 1492 1457 1526 notae
1492 1482 1746 1530 arbitraria:
1770 1479 2058 1544 effingautur
2086 1513 2098 1528 .

433 1569 598 1614 Latera
619 1553 806 1602 stellulae
837 1547 1058 1598 ianthina:
1077 1558 1309 1600 exornant
1335 1576 1348 1596 ,
1371 1561 1489 1609 quas
1523 1549 1773 1611 plumbeus
1813 1552 1948 1595 color
1972 1579 1986 1599 ‚
2017 1560 2102 1595 aut

433 1618 584 1682 flauas
603 1620 796 1670 offuscat
811 1650 824 1662 .
862 1616 977 1665 Oris
1011 1614 1141 1663 labra
1176 1610 1326 1660 veluti
1348 1627 1513 1661 carnea
1548 1613 1766 1663 dentibus
1809 1613 2101 1676 rubiginosis

432 1702 716 1757 corrugata.
775 1690 831 1732 In
848 1697 937 1732 vna
962 1678 1255 1729 extremitate
1291 1677 1437 1725 trium
1459 1713 1471 1731 ,
1512 1692 1597 1728 aut
1632 1692 1840 1743 quatuor
1865 1681 1985 1727 testae
2007 1678 2100 1726 cir..

432 1756 818 1817 cumuolutiones
852 1751 975 1802 linea
1010 1747 1168 1814 spirali
1190 1745 1462 1795 indicantur
1509 1760 1728 1795 caeterum
1775 1745 2101 1809 perfefflffime

435 1833 644 1896 lenigata
667 1858 681 1871 .
1274 1879 1284 1888 ·
1428 1879 1439 1888 ⁶

439 1919 524 1974 26
540 1924 563 1966 Ι
640 1899 693 1941 In
717 1887 857 1937 huius
877 1885 1059 1949 pariter·
1074 1879 1312 1946 superficie
1334 1879 1522 1929 orbium
1544 1880 1829 1929 inclusorum
1856 1880 2100 1929 rudimen*

672 1972 775 2005 tum
796 1966 1022 2018 apparet.
1060 1953 1097 1998 E
1120 1951 1218 1998 sinu
1248 1949 1431 1997 Persico
1450 1947 1649 2011 copiose)
1663 1950 1874 2000 colle&a‚
1909 1963 2004 1995 non
2025 1948 2106 1996 vili

443 2027 601 2094 pretio
614 2026 702 2078 sest,
723 2033 921 2087 propter
939 2023 1216 2069 leuorem‚&
1233 2015 1404 2066 miram
1422 2019 1638 2064 colorum
1666 2017 1938 2065 varietatem
1960 2050 1973 2062 .
1992 2017 2107 2065 Eius

442 2095 554 2144 testa
573 2092 835 2143 admodum
853 2086 1021 2144 valida,
1045 2080 1374 2147 &ponderosa
1388 2116 1401 2135 ‚
1421 2083 1547 2132 intus
1571 2082 1779 2135 albescit,
1801 2097 1851 2130 vt
1867 2086 2099 2146 porcella·

440 2180 519 2216 na,
537 2177 620 2212 ore
639 2158 889 2209 minimum
921 2166 1069 2219 patet,
1089 2149 1310 2200 dentibus
1331 2151 1616 2213 rubiginosis
1639 2149 1751 2198 hinc
1770 2149 1882 2198 inde*
1901 2149 2098 2214 rugoso.

446 2230 580 2284 Foris
601 2243 695 2293 qua
713 2238 847 2292 parte
863 2221 982 2272 saxis
1001 2220 1219 2272 adhaeret;
1237 2230 1287 2264 vt
1304 2220 1409 2265 filex
1427 2217 1663 2281 subnigra,
1696 2235 1795 2282 qua
1821 2217 1930 2265 ver&
1948 2223 2102 2265 eleua-

445 2316 522 2351 tur
541 2300 590 2346 in
609 2297 801 2344 dorsum
814 2326 832 2351 ,
855 2289 1115 2340 innumeris
1134 2284 1381 2336 coloribus
1406 2284 1474 2333 ita
1502 2285 1737 2348 variegata
1754 2319 1765 2337 ‚
1800 2298 1850 2335 vt
1868 2284 2092 2332 Testudi-

445 2385 558 2420 num
574 2363 859 2413 marinarum
876 2358 1079 2408 cortices
1099 2352 1332 2419 expolitos
1369 2351 1539 2400 referat
1560 2387 1572 2406 ,
1605 2352 1855 2417 iucundius
1877 2350 1929 2398 vs
1925 2366 2095 2416 urpan-

446 2441 537 2486 dos
557 2428 881 2495 oculis‚quam
901 2427 1051 2476 verbis
1074 2422 1208 2474 facile
1225 2419 1569 2484 exprimendos·

453 2509 541 2576 26
557 2529 592 2570 2
661 2506 869 2551 venerea
903 2495 1043 2545 cuius
1078 2488 1331 2554 longitudo
1384 2487 1685 2537 latitudinem
1725 2485 1909 2551 superat
1930 2519 1943 2538 ‚
1976 2484 2105 2533 intus

708 2561 1010 2617 amethistino
1029 2563 1186 2611 colore
1213 2589 1227 2610 2
1250 2554 1368 2607 fotis
1395 2555 1545 2605 liuida
1564 2589 1577 2609 ,
1610 2559 1654 2603 δι’
1678 2557 1830 2604 aureis
1850 2554 1990 2619 lignis
2022 2567 2111 2601 no-

450 2632 612 2683 tabilis
635 2669 647 2684 .

461 2706 547 2771 26
555 2722 586 2786 3
664 2706 872 2753 Venerea
892 2711 1161 2750 caeterarum
1197 2690 1525 2757 pretioliffima
1544 2723 1556 2741 ‚
1594 2695 1639 2738 δι
1655 2689 1913 2739 admodum
1934 2701 2079 2738 raras
2102 2718 2116 2732 .

697 2772 884 2836 Figura,
899 2783 947 2816 vt
965 2765 1110 2818 vides,
1124 2766 1157 2812 a
1176 2761 1352 2809 caeteris
1369 2757 1570 2809 omnino
1586 2757 1759 2810 differt,
1785 2760 1945 2807 colore
1965 2771 2017 2804 ex
2032 2768 2117 2818 pa·-

460 2839 574 2890 leari
592 2838 896 2902 vndequaque
910 2833 1099 2884 albescit
1119 2864 1135 2889 ,
1154 2827 1426 2878 rotundatis
1450 2825 1596 2888 veluti
1616 2826 1798 2878 amanlis
1819 2824 1973 2875 aureis
1997 2853 2010 2874 ,
2034 2833 2116 2868 aut

461 2902 658 2962 croceis,
680 2912 722 2956 &
744 2904 1053 2970 inaequalibus
1074 2897 1389 2953 condecorata
1405 2929 1421 2954 .
1907 2960 1952 3007 V

1958 2968 2061 3002 ene-
