<?xml version="1.0" encoding="UTF-8"?>
<!DOCTYPE html PUBLIC "-//W3C//DTD XHTML 1.0 Transitional//EN"
    "http://www.w3.org/TR/xhtml1/DTD/xhtml1-transitional.dtd">
<html xmlns="http://www.w3.org/1999/xhtml" xml:lang="en" lang="en">
 <head>
  <title>
</title>
<meta http-equiv="Content-Type" content="text/html;charset=utf-8" />
  <meta name='ocr-system' content='tesseract 3.04.00' />
  <meta name='ocr-capabilities' content='ocr_page ocr_carea ocr_par ocr_line ocrx_word'/>
</head>
<body>
  <div class='ocr_page' id='page_1' title='image "./recreatiomentise00buon_0277.png"; bbox 0 0 2144 3218; ppageno 0'>
   <div class='ocr_carea' id='block_1_1' title="bbox 410 38 1622 133">
    <p class='ocr_par' dir='ltr' id='par_1_1' title="bbox 410 38 1622 133">
     <span class='ocr_line' id='line_1_1' title="bbox 410 38 1622 133; baseline -0.007 -9"><span class='ocrx_word' id='word_1_1' title='bbox 410 38 943 127; x_wconf 79' lang='lat' dir='ltr'>PROBLEMA</span> <span class='ocrx_word' id='word_1_2' title='bbox 987 39 1304 121; x_wconf 86' lang='lat' dir='ltr'>XXVIII.</span> <span class='ocrx_word' id='word_1_3' title='bbox 1351 114 1355 116; x_wconf 70' lang='grc'>,</span> <span class='ocrx_word' id='word_1_4' title='bbox 1483 52 1622 133; x_wconf 71' lang='lat'>243·</span> 
     </span>
    </p>
   </div>
   <div class='ocr_carea' id='block_1_2' title="bbox 31 174 1716 458">
    <p class='ocr_par' dir='ltr' id='par_1_2' title="bbox 31 174 1716 458">
     <span class='ocr_line' id='line_1_2' title="bbox 33 174 1715 254; baseline -0.008 -9"><span class='ocrx_word' id='word_1_5' title='bbox 33 192 159 246; x_wconf 76' lang='lat' dir='ltr'>ficto</span> <span class='ocrx_word' id='word_1_6' title='bbox 177 181 580 254; x_wconf 60' lang='lat' dir='ltr'>temperamento,</span> <span class='ocrx_word' id='word_1_7' title='bbox 606 197 659 233; x_wconf 81' lang='lat' dir='ltr'>ea</span> <span class='ocrx_word' id='word_1_8' title='bbox 677 186 1007 244; x_wconf 84' lang='lat' dir='ltr'>concoquente</span> <span class='ocrx_word' id='word_1_9' title='bbox 1031 207 1046 230; x_wconf 86' lang='lat'>‚</span> <span class='ocrx_word' id='word_1_10' title='bbox 1063 174 1181 252; x_wconf 73' lang='lat' dir='ltr'>quin</span> <span class='ocrx_word' id='word_1_11' title='bbox 1200 175 1401 237; x_wconf 71' lang='lat' dir='ltr'>potius,</span> <span class='ocrx_word' id='word_1_12' title='bbox 1427 177 1593 230; x_wconf 83' lang='lat' dir='ltr'>odoris</span> <span class='ocrx_word' id='word_1_13' title='bbox 1615 212 1630 234; x_wconf 84' lang='lat'>‚</span> <span class='ocrx_word' id='word_1_14' title='bbox 1667 184 1715 232; x_wconf 84' lang='lat'>&amp;</span> 
     </span>
     <span class='ocr_line' id='line_1_3' title="bbox 31 244 1716 323; baseline -0.005 -16"><span class='ocrx_word' id='word_1_15' title='bbox 31 260 178 314; x_wconf 70' lang='lat' dir='ltr'>aridis</span> <span class='ocrx_word' id='word_1_16' title='bbox 215 253 531 323; x_wconf 84' lang='lat' dir='ltr'>qualitatibus</span> <span class='ocrx_word' id='word_1_17' title='bbox 551 251 756 303; x_wconf 86' lang='lat' dir='ltr'>difluunt</span> <span class='ocrx_word' id='word_1_18' title='bbox 777 281 792 303; x_wconf 84' lang='lat'><em>,</em></span> <span class='ocrx_word' id='word_1_19' title='bbox 810 245 989 313; x_wconf 89' lang='lat' dir='ltr'>quibus</span> <span class='ocrx_word' id='word_1_20' title='bbox 1012 258 1222 309; x_wconf 83' lang='lat' dir='ltr'>pretium</span> <span class='ocrx_word' id='word_1_21' title='bbox 1242 244 1357 297; x_wconf 87' lang='lat' dir='ltr'>fecit</span> <span class='ocrx_word' id='word_1_22' title='bbox 1375 248 1583 299; x_wconf 90' lang='lat' dir='ltr'>hominis</span> <span class='ocrx_word' id='word_1_23' title='bbox 1602 265 1716 300; x_wconf 86' lang='lat' dir='ltr'>aua-</span> 
     </span>
     <span class='ocr_line' id='line_1_4' title="bbox 33 312 1716 385; baseline -0.004 -6"><span class='ocrx_word' id='word_1_24' title='bbox 33 328 152 379; x_wconf 84' lang='lat' dir='ltr'>ritiae</span> <span class='ocrx_word' id='word_1_25' title='bbox 180 326 357 376; x_wconf 86' lang='lat' dir='ltr'>intenta</span> <span class='ocrx_word' id='word_1_26' title='bbox 402 321 466 375; x_wconf 84' lang='lat' dir='ltr'>ad</span> <span class='ocrx_word' id='word_1_27' title='bbox 503 338 581 373; x_wconf 85' lang='lat' dir='ltr'>eas</span> <span class='ocrx_word' id='word_1_28' title='bbox 626 322 676 370; x_wconf 87' lang='lat' dir='ltr'>in</span> <span class='ocrx_word' id='word_1_29' title='bbox 706 317 887 385; x_wconf 87' lang='lat' dir='ltr'>Syriam</span> <span class='ocrx_word' id='word_1_30' title='bbox 910 312 1053 378; x_wconf 89' lang='lat' dir='ltr'>vsque</span> <span class='ocrx_word' id='word_1_31' title='bbox 1074 345 1088 366; x_wconf 83' lang='lat'><strong>.</strong></span> <span class='ocrx_word' id='word_1_32' title='bbox 1121 317 1167 362; x_wconf 78' lang='grc' dir='ltr'>δι</span> <span class='ocrx_word' id='word_1_33' title='bbox 1209 315 1439 366; x_wconf 83' lang='lat' dir='ltr'>Arabiam</span> <span class='ocrx_word' id='word_1_34' title='bbox 1472 318 1716 383; x_wconf 71' lang='lat' dir='ltr'>Regiones</span> 
     </span>
     <span class='ocr_line' id='line_1_5' title="bbox 34 382 1708 458; baseline -0.001 -14"><span class='ocrx_word' id='word_1_35' title='bbox 34 398 217 454; x_wconf 79' lang='lat' dir='ltr'>sole‚&amp;</span> <span class='ocrx_word' id='word_1_36' title='bbox 238 397 393 445; x_wconf 86' lang='lat' dir='ltr'>calore</span> <span class='ocrx_word' id='word_1_37' title='bbox 413 403 645 444; x_wconf 77' lang='lat' dir='ltr'>torrentes</span> <span class='ocrx_word' id='word_1_38' title='bbox 668 422 681 445; x_wconf 91' lang='lat'>,</span> <span class='ocrx_word' id='word_1_39' title='bbox 708 382 1014 455; x_wconf 63' lang='lat' dir='ltr'>inquirendas</span> <span class='ocrx_word' id='word_1_40' title='bbox 1033 413 1049 439; x_wconf 81' lang='lat'>‚</span> <span class='ocrx_word' id='word_1_41' title='bbox 1068 386 1115 432; x_wconf 78' lang='grc' dir='ltr'>δι</span> <span class='ocrx_word' id='word_1_42' title='bbox 1129 395 1215 450; x_wconf 82' lang='lat' dir='ltr'>per</span> <span class='ocrx_word' id='word_1_43' title='bbox 1237 383 1424 455; x_wconf 67' lang='lat' dir='ltr'>=Orbem</span> <span class='ocrx_word' id='word_1_44' title='bbox 1443 386 1708 458; x_wconf 75' lang='lat' dir='ltr'>vniuersum</span> 
     </span>
    </p>
   </div>
   <div class='ocr_carea' id='block_1_3' title="bbox 37 462 409 533">
    <p class='ocr_par' dir='ltr' id='par_1_3' title="bbox 37 462 409 533">
     <span class='ocr_line' id='line_1_6' title="bbox 37 462 409 533; baseline 0 -22"><span class='ocrx_word' id='word_1_45' title='bbox 37 462 382 533; x_wconf 67' lang='lat' dir='ltr'>disperdendas</span> <span class='ocrx_word' id='word_1_46' title='bbox 394 494 409 511; x_wconf 89' lang='lat'><strong>.</strong></span> 
     </span>
    </p>
   </div>
   <div class='ocr_carea' id='block_1_4' title="bbox 432 611 1324 692">
    <p class='ocr_par' dir='ltr' id='par_1_4' title="bbox 432 611 1324 692">
     <span class='ocr_line' id='line_1_7' title="bbox 432 611 1324 692; baseline -0.012 -1"><span class='ocrx_word' id='word_1_47' title='bbox 432 614 961 692; x_wconf 85' lang='lat' dir='ltr'>PROBLEMA</span> <span class='ocrx_word' id='word_1_48' title='bbox 1004 611 1324 686; x_wconf 83' lang='lat' dir='ltr'><strong>XXVIII.</strong></span> 
     </span>
    </p>
   </div>
   <div class='ocr_carea' id='block_1_5' title="bbox 173 772 1560 945">
    <p class='ocr_par' dir='ltr' id='par_1_5' title="bbox 173 772 1560 945">
     <span class='ocr_line' id='line_1_8' title="bbox 173 772 1560 884; baseline -0.008 -27"><span class='ocrx_word' id='word_1_49' title='bbox 173 785 320 858; x_wconf 87' lang='lat' dir='ltr'>Cur</span> <span class='ocrx_word' id='word_1_50' title='bbox 345 780 589 857; x_wconf 74' lang='lat' dir='ltr'>diutius</span> <span class='ocrx_word' id='word_1_51' title='bbox 617 799 826 884; x_wconf 77' lang='lat' dir='ltr'>quam</span> <span class='ocrx_word' id='word_1_52' title='bbox 850 772 1063 847; x_wconf 82' lang='lat' dir='ltr'>Pisces</span> <span class='ocrx_word' id='word_1_53' title='bbox 1097 790 1284 851; x_wconf 73' lang='lat' dir='ltr'>extra</span> <span class='ocrx_word' id='word_1_54' title='bbox 1328 774 1560 870; x_wconf 85' lang='lat' dir='ltr'>Aquas</span> 
     </span>
     <span class='ocr_line' id='line_1_9' title="bbox 739 878 1014 945; baseline -0.018 0"><span class='ocrx_word' id='word_1_55' title='bbox 739 890 970 945; x_wconf 83' lang='lat' dir='ltr'>viuant</span> <span class='ocrx_word' id='word_1_56' title='bbox 991 878 1014 940; x_wconf 73' lang='grc' dir='ltr'><strong><em>ἓ</em></strong></span> 
     </span>
    </p>
   </div>
   <div class='ocr_carea' id='block_1_6' title="bbox 27 1058 1977 2895">
    <p class='ocr_par' dir='ltr' id='par_1_6' title="bbox 27 1058 1977 2895">
     <span class='ocr_line' id='line_1_10' title="bbox 129 1058 1705 1128; baseline -0.003 -14"><span class='ocrx_word' id='word_1_57' title='bbox 129 1065 303 1114; x_wconf 85' lang='lat' dir='ltr'>Iscibus</span> <span class='ocrx_word' id='word_1_58' title='bbox 323 1066 616 1116; x_wconf 85' lang='lat' dir='ltr'>Elementum</span> <span class='ocrx_word' id='word_1_59' title='bbox 638 1066 787 1128; x_wconf 88' lang='lat' dir='ltr'>Aquae</span> <span class='ocrx_word' id='word_1_60' title='bbox 822 1060 1050 1112; x_wconf 86' lang='lat' dir='ltr'>alimento</span> <span class='ocrx_word' id='word_1_61' title='bbox 1068 1059 1131 1110; x_wconf 88' lang='lat' dir='ltr'>est</span> <span class='ocrx_word' id='word_1_62' title='bbox 1154 1092 1169 1114; x_wconf 86' lang='lat'>‚</span> <span class='ocrx_word' id='word_1_63' title='bbox 1191 1072 1242 1109; x_wconf 89' lang='grc' dir='ltr'>νε</span> <span class='ocrx_word' id='word_1_64' title='bbox 1260 1058 1440 1109; x_wconf 83' lang='lat' dir='ltr'>caeteris</span> <span class='ocrx_word' id='word_1_65' title='bbox 1478 1059 1705 1111; x_wconf 87' lang='lat' dir='ltr'>Animan-</span> 
     </span>
     <span class='ocr_line' id='line_1_11' title="bbox 35 1069 1704 1193; baseline -0.003 -10"><span class='ocrx_word' id='word_1_66' title='bbox 35 1069 124 1188; x_wconf 73' lang='grc' dir='ltr'><strong><em>Ρ</em></strong></span> <span class='ocrx_word' id='word_1_67' title='bbox 159 1133 287 1183; x_wconf 83' lang='lat' dir='ltr'>tibus</span> <span class='ocrx_word' id='word_1_68' title='bbox 306 1138 398 1182; x_wconf 91' lang='lat' dir='ltr'>Aer</span> <span class='ocrx_word' id='word_1_69' title='bbox 419 1169 432 1182; x_wconf 92' lang='lat'><em>.</em></span> <span class='ocrx_word' id='word_1_70' title='bbox 467 1134 584 1184; x_wconf 85' lang='lat' dir='ltr'>Inde</span> <span class='ocrx_word' id='word_1_71' title='bbox 621 1131 691 1186; x_wconf 81' lang='lat' dir='ltr'>fit,</span> <span class='ocrx_word' id='word_1_72' title='bbox 712 1144 761 1179; x_wconf 92' lang='lat' dir='ltr'>vt</span> <span class='ocrx_word' id='word_1_73' title='bbox 784 1130 956 1183; x_wconf 79' lang='lat' dir='ltr'><strong>Pisces,</strong></span> <span class='ocrx_word' id='word_1_74' title='bbox 980 1131 1056 1178; x_wconf 84' lang='lat' dir='ltr'>vix</span> <span class='ocrx_word' id='word_1_75' title='bbox 1075 1128 1215 1193; x_wconf 78' lang='lat' dir='ltr'>aquis</span> <span class='ocrx_word' id='word_1_76' title='bbox 1239 1128 1433 1177; x_wconf 59' lang='grc' dir='ltr'><em>εχει-λᾶι·</em></span> <span class='ocrx_word' id='word_1_77' title='bbox 1452 1127 1704 1181; x_wconf 84' lang='lat' dir='ltr'>intereant,</span> 
     </span>
     <span class='ocr_line' id='line_1_12' title="bbox 29 1195 1708 1268; baseline -0.002 -18"><span class='ocrx_word' id='word_1_78' title='bbox 29 1199 149 1250; x_wconf 84' lang='lat' dir='ltr'>ficut</span> <span class='ocrx_word' id='word_1_79' title='bbox 169 1209 296 1250; x_wconf 90' lang='lat' dir='ltr'>Aues</span> <span class='ocrx_word' id='word_1_80' title='bbox 328 1216 430 1250; x_wconf 87' lang='lat' dir='ltr'>aere</span> <span class='ocrx_word' id='word_1_81' title='bbox 465 1202 668 1268; x_wconf 78' lang='lat' dir='ltr'>priuatae</span> <span class='ocrx_word' id='word_1_82' title='bbox 689 1231 702 1245; x_wconf 90' lang='lat'><strong>.</strong></span> <span class='ocrx_word' id='word_1_83' title='bbox 748 1198 1062 1248; x_wconf 79' lang='lat' dir='ltr'>conueniunt</span> <span class='ocrx_word' id='word_1_84' title='bbox 1080 1213 1190 1246; x_wconf 89' lang='lat' dir='ltr'>cum</span> <span class='ocrx_word' id='word_1_85' title='bbox 1210 1195 1425 1247; x_wconf 78' lang='lat' dir='ltr'>Piscibus</span> <span class='ocrx_word' id='word_1_86' title='bbox 1446 1197 1588 1248; x_wconf 79' lang='lat' dir='ltr'>etiam</span> <span class='ocrx_word' id='word_1_87' title='bbox 1620 1201 1708 1247; x_wconf 86' lang='lat' dir='ltr'>Te-</span> 
     </span>
     <span class='ocr_line' id='line_1_13' title="bbox 29 1262 1707 1331; baseline 0 -19"><span class='ocrx_word' id='word_1_88' title='bbox 29 1264 204 1321; x_wconf 88' lang='lat' dir='ltr'>stacea‚</span> <span class='ocrx_word' id='word_1_89' title='bbox 238 1285 340 1331; x_wconf 91' lang='lat' dir='ltr'>quae</span> <span class='ocrx_word' id='word_1_90' title='bbox 361 1281 517 1317; x_wconf 86' lang='lat' dir='ltr'>tamen</span> <span class='ocrx_word' id='word_1_91' title='bbox 544 1281 642 1316; x_wconf 85' lang='lat' dir='ltr'>non</span> <span class='ocrx_word' id='word_1_92' title='bbox 685 1279 783 1317; x_wconf 87' lang='lat' dir='ltr'>tam</span> <span class='ocrx_word' id='word_1_93' title='bbox 807 1265 909 1316; x_wconf 71' lang='lat' dir='ltr'>cito</span> <span class='ocrx_word' id='word_1_94' title='bbox 949 1264 1225 1315; x_wconf 81' lang='lat' dir='ltr'>moriuntur</span> <span class='ocrx_word' id='word_1_95' title='bbox 1246 1296 1259 1317; x_wconf 85' lang='lat'><strong>,</strong></span> <span class='ocrx_word' id='word_1_96' title='bbox 1294 1263 1372 1313; x_wconf 89' lang='lat' dir='ltr'>sed</span> <span class='ocrx_word' id='word_1_97' title='bbox 1396 1262 1455 1313; x_wconf 88' lang='lat' dir='ltr'>ad</span> <span class='ocrx_word' id='word_1_98' title='bbox 1478 1265 1580 1314; x_wconf 84' lang='lat' dir='ltr'>dies</span> <span class='ocrx_word' id='word_1_99' title='bbox 1622 1265 1707 1315; x_wconf 88' lang='lat' dir='ltr'>ali-</span> 
     </span>
     <span class='ocr_line' id='line_1_14' title="bbox 31 1332 1705 1399; baseline -0.001 -16"><span class='ocrx_word' id='word_1_100' title='bbox 31 1349 158 1397; x_wconf 87' lang='lat' dir='ltr'>quos</span> <span class='ocrx_word' id='word_1_101' title='bbox 193 1335 342 1384; x_wconf 87' lang='lat' dir='ltr'>vitam</span> <span class='ocrx_word' id='word_1_102' title='bbox 365 1337 650 1399; x_wconf 87' lang='lat' dir='ltr'>protrahunt</span> <span class='ocrx_word' id='word_1_103' title='bbox 683 1333 854 1399; x_wconf 69' lang='lat' dir='ltr'>nempe</span> <span class='ocrx_word' id='word_1_104' title='bbox 886 1334 948 1382; x_wconf 89' lang='lat' dir='ltr'>ad</span> <span class='ocrx_word' id='word_1_105' title='bbox 966 1332 1290 1398; x_wconf 87' lang='lat' dir='ltr'>quadraginta</span> <span class='ocrx_word' id='word_1_106' title='bbox 1311 1364 1324 1386; x_wconf 88' lang='lat'>,</span> <span class='ocrx_word' id='word_1_107' title='bbox 1366 1345 1416 1380; x_wconf 89' lang='lat' dir='ltr'>vt</span> <span class='ocrx_word' id='word_1_108' title='bbox 1451 1333 1705 1383; x_wconf 88' lang='lat' dir='ltr'>Ionstonus</span> 
     </span>
     <span class='ocr_line' id='line_1_15' title="bbox 32 1401 1704 1466; baseline -0.001 -17"><span class='ocrx_word' id='word_1_109' title='bbox 32 1402 161 1462; x_wconf 77' lang='lat' dir='ltr'>imo,</span> <span class='ocrx_word' id='word_1_110' title='bbox 181 1418 236 1450; x_wconf 92' lang='lat' dir='ltr'>vt</span> <span class='ocrx_word' id='word_1_111' title='bbox 253 1403 333 1463; x_wconf 76' lang='lat' dir='ltr'>alij&#39;</span> <span class='ocrx_word' id='word_1_112' title='bbox 354 1405 580 1453; x_wconf 80' lang='lat' dir='ltr'>testantur</span> <span class='ocrx_word' id='word_1_113' title='bbox 615 1401 675 1453; x_wconf 85' lang='lat' dir='ltr'>ad</span> <span class='ocrx_word' id='word_1_114' title='bbox 701 1416 778 1463; x_wconf 84' lang='lat'>50.</span> <span class='ocrx_word' id='word_1_115' title='bbox 831 1413 888 1450; x_wconf 84' lang='lat' dir='ltr'>vt</span> <span class='ocrx_word' id='word_1_116' title='bbox 908 1406 1130 1466; x_wconf 84' lang='lat' dir='ltr'>Purpurae</span> <span class='ocrx_word' id='word_1_117' title='bbox 1156 1433 1169 1447; x_wconf 88' lang='lat'><strong>.</strong></span> <span class='ocrx_word' id='word_1_118' title='bbox 1208 1403 1295 1450; x_wconf 88' lang='lat' dir='ltr'>Vel</span> <span class='ocrx_word' id='word_1_119' title='bbox 1318 1401 1435 1465; x_wconf 84' lang='lat' dir='ltr'>quia</span> <span class='ocrx_word' id='word_1_120' title='bbox 1462 1401 1595 1461; x_wconf 82' lang='lat' dir='ltr'>succo</span> <span class='ocrx_word' id='word_1_121' title='bbox 1624 1401 1704 1462; x_wconf 82' lang='lat' dir='ltr'>suo</span> 
     </span>
     <span class='ocr_line' id='line_1_16' title="bbox 28 1467 1707 1532; baseline -0.002 -13"><span class='ocrx_word' id='word_1_122' title='bbox 28 1474 235 1522; x_wconf 85' lang='lat' dir='ltr'>aluntur,</span> <span class='ocrx_word' id='word_1_123' title='bbox 259 1474 325 1517; x_wconf 88' lang='lat' dir='ltr'>vel</span> <span class='ocrx_word' id='word_1_124' title='bbox 359 1471 474 1532; x_wconf 88' lang='lat' dir='ltr'>quia</span> <span class='ocrx_word' id='word_1_125' title='bbox 491 1471 744 1518; x_wconf 88' lang='lat' dir='ltr'>humorem</span> <span class='ocrx_word' id='word_1_126' title='bbox 765 1467 1013 1514; x_wconf 82' lang='lat' dir='ltr'>imbibunt</span> <span class='ocrx_word' id='word_1_127' title='bbox 1042 1483 1101 1529; x_wconf 68' lang='lat' dir='ltr'>ex</span> <span class='ocrx_word' id='word_1_128' title='bbox 1135 1467 1255 1513; x_wconf 87' lang='lat' dir='ltr'>mari</span> <span class='ocrx_word' id='word_1_129' title='bbox 1277 1496 1291 1518; x_wconf 81' lang='lat'>‚</span> <span class='ocrx_word' id='word_1_130' title='bbox 1320 1467 1382 1514; x_wconf 83' lang='lat' dir='ltr'>ad</span> <span class='ocrx_word' id='word_1_131' title='bbox 1399 1481 1501 1513; x_wconf 86' lang='lat' dir='ltr'>eam</span> <span class='ocrx_word' id='word_1_132' title='bbox 1521 1467 1707 1516; x_wconf 83' lang='lat' dir='ltr'>mensu-</span> 
     </span>
     <span class='ocr_line' id='line_1_17' title="bbox 27 1531 1706 1599; baseline -0.003 -14"><span class='ocrx_word' id='word_1_133' title='bbox 27 1552 130 1585; x_wconf 87' lang='lat' dir='ltr'>ram</span> <span class='ocrx_word' id='word_1_134' title='bbox 169 1551 223 1583; x_wconf 82' lang='lat' dir='ltr'>ex</span> <span class='ocrx_word' id='word_1_135' title='bbox 243 1537 448 1585; x_wconf 89' lang='lat' dir='ltr'>Vormio</span> <span class='ocrx_word' id='word_1_136' title='bbox 473 1567 486 1588; x_wconf 82' lang='lat'>‚</span> <span class='ocrx_word' id='word_1_137' title='bbox 527 1549 585 1584; x_wconf 91' lang='lat' dir='ltr'>vt</span> <span class='ocrx_word' id='word_1_138' title='bbox 602 1533 774 1599; x_wconf 87' lang='lat' dir='ltr'>poffint</span> <span class='ocrx_word' id='word_1_139' title='bbox 791 1532 850 1581; x_wconf 89' lang='lat' dir='ltr'>ad</span> <span class='ocrx_word' id='word_1_140' title='bbox 872 1545 1054 1585; x_wconf 82' lang='lat' dir='ltr'>tantam</span> <span class='ocrx_word' id='word_1_141' title='bbox 1078 1531 1263 1581; x_wconf 87' lang='lat' dir='ltr'>dierum</span> <span class='ocrx_word' id='word_1_142' title='bbox 1302 1533 1706 1598; x_wconf 77' lang='lat' dir='ltr'>longi-tudinem...</span> 
     </span>
     <span class='ocr_line' id='line_1_18' title="bbox 31 1599 1699 1667; baseline -0.002 -16"><span class='ocrx_word' id='word_1_143' title='bbox 31 1604 179 1651; x_wconf 75' lang='lat' dir='ltr'>vitam</span> <span class='ocrx_word' id='word_1_144' title='bbox 201 1602 444 1651; x_wconf 82' lang='lat' dir='ltr'>extendere</span> <span class='ocrx_word' id='word_1_145' title='bbox 464 1636 475 1655; x_wconf 92' lang='lat'>‚</span> <span class='ocrx_word' id='word_1_146' title='bbox 498 1602 633 1667; x_wconf 87' lang='lat' dir='ltr'>quod</span> <span class='ocrx_word' id='word_1_147' title='bbox 671 1614 829 1651; x_wconf 88' lang='lat' dir='ltr'>tamen</span> <span class='ocrx_word' id='word_1_148' title='bbox 864 1602 891 1648; x_wconf 75' lang='grc' dir='ltr'>ἐ</span> <span class='ocrx_word' id='word_1_149' title='bbox 926 1601 1171 1652; x_wconf 80' lang='lat' dir='ltr'>contrario</span> <span class='ocrx_word' id='word_1_150' title='bbox 1206 1599 1397 1650; x_wconf 87' lang='lat' dir='ltr'>deberet</span> <span class='ocrx_word' id='word_1_151' title='bbox 1412 1601 1664 1653; x_wconf 52' lang='lat' dir='ltr'>acciderv</span> <span class='ocrx_word' id='word_1_152' title='bbox 1684 1635 1699 1656; x_wconf 88' lang='lat'>‚</span> 
     </span>
     <span class='ocr_line' id='line_1_19' title="bbox 31 1665 1700 1732; baseline 0 -13"><span class='ocrx_word' id='word_1_153' title='bbox 31 1684 142 1719; x_wconf 76' lang='lat' dir='ltr'>tum</span> <span class='ocrx_word' id='word_1_154' title='bbox 177 1668 426 1719; x_wconf 78' lang='lat' dir='ltr'>certissima</span> <span class='ocrx_word' id='word_1_155' title='bbox 466 1669 734 1719; x_wconf 85' lang='lat' dir='ltr'>Aristotelis</span> <span class='ocrx_word' id='word_1_156' title='bbox 777 1665 1113 1717; x_wconf 86' lang='lat' dir='ltr'>obseruatione</span> <span class='ocrx_word' id='word_1_157' title='bbox 1152 1667 1364 1717; x_wconf 79' lang='lat' dir='ltr'>constet:</span> <span class='ocrx_word' id='word_1_158' title='bbox 1407 1669 1700 1732; x_wconf 79' lang='lat' dir='ltr'>exanguibus</span> 
     </span>
     <span class='ocr_line' id='line_1_20' title="bbox 29 1734 1693 1805; baseline -0.002 -18"><span class='ocrx_word' id='word_1_159' title='bbox 29 1738 329 1787; x_wconf 79' lang='lat' dir='ltr'>Animalibus</span> <span class='ocrx_word' id='word_1_160' title='bbox 363 1738 632 1787; x_wconf 88' lang='lat' dir='ltr'>breuiorem</span> <span class='ocrx_word' id='word_1_161' title='bbox 679 1734 763 1784; x_wconf 82' lang='lat' dir='ltr'>effe</span> <span class='ocrx_word' id='word_1_162' title='bbox 808 1736 955 1784; x_wconf 85' lang='lat' dir='ltr'>vitam</span> <span class='ocrx_word' id='word_1_163' title='bbox 978 1767 992 1789; x_wconf 87' lang='lat'>‚</span> <span class='ocrx_word' id='word_1_164' title='bbox 1011 1750 1157 1799; x_wconf 88' lang='lat' dir='ltr'>quam</span> <span class='ocrx_word' id='word_1_165' title='bbox 1181 1734 1406 1799; x_wconf 84' lang='lat' dir='ltr'>sanguine</span> <span class='ocrx_word' id='word_1_166' title='bbox 1444 1737 1657 1805; x_wconf 78' lang='lat' dir='ltr'>praeditis</span> <span class='ocrx_word' id='word_1_167' title='bbox 1683 1758 1693 1784; x_wconf 70' lang='lat' dir='ltr'>z</span> 
     </span>
     <span class='ocr_line' id='line_1_21' title="bbox 33 1802 1698 1868; baseline 0.001 -16"><span class='ocrx_word' id='word_1_168' title='bbox 33 1808 182 1867; x_wconf 87' lang='lat' dir='ltr'>(mole</span> <span class='ocrx_word' id='word_1_169' title='bbox 213 1819 370 1854; x_wconf 86' lang='lat' dir='ltr'>tamen</span> <span class='ocrx_word' id='word_1_170' title='bbox 394 1805 610 1868; x_wconf 86' lang='lat' dir='ltr'>corporis</span> <span class='ocrx_word' id='word_1_171' title='bbox 632 1803 893 1868; x_wconf 87' lang='lat' dir='ltr'>aliquando</span> <span class='ocrx_word' id='word_1_172' title='bbox 926 1802 976 1850; x_wconf 88' lang='lat' dir='ltr'>in</span> <span class='ocrx_word' id='word_1_173' title='bbox 1006 1802 1066 1859; x_wconf 80' lang='lat' dir='ltr'>ijs</span> <span class='ocrx_word' id='word_1_174' title='bbox 1086 1802 1326 1867; x_wconf 86' lang='lat' dir='ltr'>supplente</span> <span class='ocrx_word' id='word_1_175' title='bbox 1346 1803 1576 1854; x_wconf 53' lang='lat' dir='ltr'>defectum</span> <span class='ocrx_word' id='word_1_176' title='bbox 1599 1804 1698 1854; x_wconf 89' lang='lat' dir='ltr'>san-</span> 
     </span>
     <span class='ocr_line' id='line_1_22' title="bbox 32 1869 1697 1936; baseline 0.001 -16"><span class='ocrx_word' id='word_1_177' title='bbox 32 1873 214 1936; x_wconf 83' lang='lat' dir='ltr'>guinis)</span> <span class='ocrx_word' id='word_1_178' title='bbox 253 1873 399 1920; x_wconf 85' lang='lat' dir='ltr'>Ratio</span> <span class='ocrx_word' id='word_1_179' title='bbox 423 1871 634 1920; x_wconf 81' lang='lat' dir='ltr'>eiusdem</span> <span class='ocrx_word' id='word_1_180' title='bbox 668 1872 755 1923; x_wconf 84' lang='lat' dir='ltr'>est,</span> <span class='ocrx_word' id='word_1_181' title='bbox 784 1871 900 1935; x_wconf 89' lang='lat' dir='ltr'>quia</span> <span class='ocrx_word' id='word_1_182' title='bbox 938 1869 1000 1922; x_wconf 82' lang='lat' dir='ltr'>ad</span> <span class='ocrx_word' id='word_1_183' title='bbox 1022 1871 1288 1935; x_wconf 83' lang='lat' dir='ltr'>longiorem</span> <span class='ocrx_word' id='word_1_184' title='bbox 1331 1871 1476 1923; x_wconf 86' lang='lat' dir='ltr'>vitam</span> <span class='ocrx_word' id='word_1_185' title='bbox 1511 1886 1697 1936; x_wconf 83' lang='lat' dir='ltr'>protra-</span> 
     </span>
     <span class='ocr_line' id='line_1_23' title="bbox 29 1935 1698 2005; baseline -0.001 -17"><span class='ocrx_word' id='word_1_186' title='bbox 29 1938 231 1988; x_wconf 85' lang='lat' dir='ltr'>hendam</span> <span class='ocrx_word' id='word_1_187' title='bbox 254 1938 512 2002; x_wconf 87' lang='lat' dir='ltr'>requiritur</span> <span class='ocrx_word' id='word_1_188' title='bbox 535 1937 724 1987; x_wconf 83' lang='lat' dir='ltr'>humidi</span> <span class='ocrx_word' id='word_1_189' title='bbox 759 1935 1048 2002; x_wconf 81' lang='lat' dir='ltr'>pinguisque</span> <span class='ocrx_word' id='word_1_190' title='bbox 1080 1939 1332 2001; x_wconf 75' lang='lat' dir='ltr'>temperies</span> <span class='ocrx_word' id='word_1_191' title='bbox 1356 1971 1369 1991; x_wconf 92' lang='lat'>‚</span> <span class='ocrx_word' id='word_1_192' title='bbox 1411 1955 1508 2005; x_wconf 86' lang='lat' dir='ltr'>qua</span> <span class='ocrx_word' id='word_1_193' title='bbox 1538 1955 1698 1990; x_wconf 80' lang='lat' dir='ltr'>carent</span> 
     </span>
     <span class='ocr_line' id='line_1_24' title="bbox 33 2003 1694 2072; baseline 0.003 -19"><span class='ocrx_word' id='word_1_194' title='bbox 33 2006 276 2072; x_wconf 77' lang='lat' dir='ltr'>Exanguia</span> <span class='ocrx_word' id='word_1_195' title='bbox 295 2038 307 2058; x_wconf 90' lang='lat'>,</span> <span class='ocrx_word' id='word_1_196' title='bbox 327 2018 470 2070; x_wconf 81' lang='lat' dir='ltr'>quare</span> <span class='ocrx_word' id='word_1_197' title='bbox 501 2006 533 2055; x_wconf 83' lang='lat' dir='ltr'>fi</span> <span class='ocrx_word' id='word_1_198' title='bbox 561 2020 689 2071; x_wconf 82' lang='lat' dir='ltr'>apes,</span> <span class='ocrx_word' id='word_1_199' title='bbox 712 2003 824 2056; x_wconf 86' lang='lat' dir='ltr'>licet</span> <span class='ocrx_word' id='word_1_200' title='bbox 842 2004 1277 2067; x_wconf 83' lang='lat' dir='ltr'>exangues,diutius</span> <span class='ocrx_word' id='word_1_201' title='bbox 1297 2006 1481 2061; x_wconf 68' lang='lat' dir='ltr'>viuum,</span> <span class='ocrx_word' id='word_1_202' title='bbox 1501 2022 1694 2070; x_wconf 40' lang='lat' dir='ltr'>quamo</span> 
     </span>
     <span class='ocr_line' id='line_1_25' title="bbox 29 2071 1972 2158; baseline 0.001 -34"><span class='ocrx_word' id='word_1_203' title='bbox 29 2075 123 2125; x_wconf 86' lang='lat' dir='ltr'>alia</span> <span class='ocrx_word' id='word_1_204' title='bbox 141 2077 397 2127; x_wconf 83' lang='lat' dir='ltr'>nonnulla,</span> <span class='ocrx_word' id='word_1_205' title='bbox 421 2073 650 2140; x_wconf 86' lang='lat' dir='ltr'>prouenit</span> <span class='ocrx_word' id='word_1_206' title='bbox 681 2088 736 2120; x_wconf 77' lang='lat' dir='ltr'>ex</span> <span class='ocrx_word' id='word_1_207' title='bbox 755 2072 846 2120; x_wconf 89' lang='lat' dir='ltr'>hoc</span> <span class='ocrx_word' id='word_1_208' title='bbox 876 2071 1107 2121; x_wconf 85' lang='lat' dir='ltr'>alimento</span> <span class='ocrx_word' id='word_1_209' title='bbox 1129 2072 1331 2121; x_wconf 87' lang='lat' dir='ltr'>humido</span> <span class='ocrx_word' id='word_1_210' title='bbox 1361 2106 1374 2127; x_wconf 67' lang='lat'><strong>⁹</strong></span> <span class='ocrx_word' id='word_1_211' title='bbox 1413 2090 1467 2124; x_wconf 86' lang='lat' dir='ltr'>ac</span> <span class='ocrx_word' id='word_1_212' title='bbox 1486 2076 1657 2142; x_wconf 80' lang='lat' dir='ltr'>pingui</span> <span class='ocrx_word' id='word_1_213' title='bbox 1677 2111 1693 2134; x_wconf 90' lang='lat'><strong><em>,</em></strong></span> <span class='ocrx_word' id='word_1_214' title='bbox 1742 2115 1782 2158; x_wconf 70' lang='lat' dir='ltr'>D</span> <span class='ocrx_word' id='word_1_215' title='bbox 1947 2124 1972 2132; x_wconf 73' lang='lat'>‚,</span> 
     </span>
     <span class='ocr_line' id='line_1_26' title="bbox 30 2121 1972 2219; baseline -0.001 -29"><span class='ocrx_word' id='word_1_216' title='bbox 30 2142 167 2206; x_wconf 91' lang='lat' dir='ltr'>quod</span> <span class='ocrx_word' id='word_1_217' title='bbox 187 2156 393 2206; x_wconf 81' lang='lat' dir='ltr'>exugunt</span> <span class='ocrx_word' id='word_1_218' title='bbox 413 2156 467 2188; x_wconf 73' lang='lat' dir='ltr'>ex</span> <span class='ocrx_word' id='word_1_219' title='bbox 492 2144 664 2192; x_wconf 77' lang='lat' dir='ltr'>melle3</span> <span class='ocrx_word' id='word_1_220' title='bbox 705 2139 945 2193; x_wconf 86' lang='lat' dir='ltr'>Testaceis</span> <span class='ocrx_word' id='word_1_221' title='bbox 985 2140 1100 2205; x_wconf 58' lang='lat' dir='ltr'>erg&amp;</span> <span class='ocrx_word' id='word_1_222' title='bbox 1123 2141 1418 2205; x_wconf 82' lang='lat' dir='ltr'>exanguibus</span> <span class='ocrx_word' id='word_1_223' title='bbox 1453 2142 1691 2195; x_wconf 54' lang='lat' dir='ltr'>deficere)</span> <span class='ocrx_word' id='word_1_224' title='bbox 1738 2129 1814 2214; x_wconf 45' lang='lat' dir='ltr'>tufi</span> <span class='ocrx_word' id='word_1_225' title='bbox 1844 2121 1972 2219; x_wconf 48' lang='lat'>¹2⁰3*</span> 
     </span>
     <span class='ocr_line' id='line_1_27' title="bbox 30 2193 1947 2283; baseline 0.004 -27"><span class='ocrx_word' id='word_1_226' title='bbox 30 2210 161 2276; x_wconf 87' lang='lat' dir='ltr'>prius</span> <span class='ocrx_word' id='word_1_227' title='bbox 184 2209 375 2258; x_wconf 88' lang='lat' dir='ltr'>deberet</span> <span class='ocrx_word' id='word_1_228' title='bbox 410 2209 525 2259; x_wconf 82' lang='lat' dir='ltr'>Vita</span> <span class='ocrx_word' id='word_1_229' title='bbox 547 2241 562 2262; x_wconf 86' lang='grc'><strong>.</strong></span> <span class='ocrx_word' id='word_1_230' title='bbox 604 2222 750 2273; x_wconf 87' lang='lat' dir='ltr'>quam</span> <span class='ocrx_word' id='word_1_231' title='bbox 771 2207 985 2256; x_wconf 86' lang='lat' dir='ltr'>Piscibus</span> <span class='ocrx_word' id='word_1_232' title='bbox 1000 2208 1204 2272; x_wconf 83' lang='lat' dir='ltr'>,quibus</span> <span class='ocrx_word' id='word_1_233' title='bbox 1234 2209 1422 2274; x_wconf 82' lang='lat' dir='ltr'>sanguis</span> <span class='ocrx_word' id='word_1_234' title='bbox 1454 2226 1539 2279; x_wconf 81' lang='lat' dir='ltr'>per</span> <span class='ocrx_word' id='word_1_235' title='bbox 1559 2227 1693 2262; x_wconf 84' lang='lat' dir='ltr'>venas</span> <span class='ocrx_word' id='word_1_236' title='bbox 1737 2239 1867 2283; x_wconf 28' lang='lat' dir='ltr'>pac-5,</span> <span class='ocrx_word' id='word_1_237' title='bbox 1886 2193 1947 2221; x_wconf 53' lang='grc' dir='ltr'><strong><em>Μ</em></strong></span> 
     </span>
     <span class='ocr_line' id='line_1_28' title="bbox 30 2275 1692 2341; baseline 0.004 -17"><span class='ocrx_word' id='word_1_238' title='bbox 30 2282 170 2341; x_wconf 87' lang='lat' dir='ltr'>pleno</span> <span class='ocrx_word' id='word_1_239' title='bbox 199 2291 335 2326; x_wconf 87' lang='lat' dir='ltr'>amne</span> <span class='ocrx_word' id='word_1_240' title='bbox 357 2275 597 2326; x_wconf 83' lang='lat' dir='ltr'>decurrit.</span> <span class='ocrx_word' id='word_1_241' title='bbox 639 2275 809 2325; x_wconf 84' lang='lat' dir='ltr'>Nihilo</span> <span class='ocrx_word' id='word_1_242' title='bbox 830 2288 987 2325; x_wconf 83' lang='lat' dir='ltr'>tamen</span> <span class='ocrx_word' id='word_1_243' title='bbox 1028 2276 1186 2326; x_wconf 84' lang='lat' dir='ltr'>minus</span> <span class='ocrx_word' id='word_1_244' title='bbox 1218 2308 1232 2328; x_wconf 82' lang='lat'>‚</span> <span class='ocrx_word' id='word_1_245' title='bbox 1274 2276 1410 2332; x_wconf 80' lang='lat' dir='ltr'>ficuti</span> <span class='ocrx_word' id='word_1_246' title='bbox 1433 2296 1592 2328; x_wconf 88' lang='lat' dir='ltr'>verum</span> <span class='ocrx_word' id='word_1_247' title='bbox 1630 2281 1692 2330; x_wconf 85' lang='lat' dir='ltr'>est</span> 
     </span>
     <span class='ocr_line' id='line_1_29' title="bbox 33 2342 1695 2414; baseline 0.002 -22"><span class='ocrx_word' id='word_1_248' title='bbox 33 2344 82 2392; x_wconf 88' lang='lat' dir='ltr'>in</span> <span class='ocrx_word' id='word_1_249' title='bbox 104 2347 237 2411; x_wconf 89' lang='lat' dir='ltr'>aquis</span> <span class='ocrx_word' id='word_1_250' title='bbox 257 2344 440 2402; x_wconf 84' lang='lat' dir='ltr'>diutius</span> <span class='ocrx_word' id='word_1_251' title='bbox 459 2344 636 2397; x_wconf 73' lang='lat' dir='ltr'>viuere,</span> <span class='ocrx_word' id='word_1_252' title='bbox 664 2360 768 2408; x_wconf 72' lang='lat' dir='ltr'>quae</span> <span class='ocrx_word' id='word_1_253' title='bbox 790 2342 1016 2409; x_wconf 83' lang='lat' dir='ltr'>sanguine</span> <span class='ocrx_word' id='word_1_254' title='bbox 1053 2343 1255 2395; x_wconf 88' lang='lat' dir='ltr'>affluunt</span> <span class='ocrx_word' id='word_1_255' title='bbox 1276 2379 1289 2399; x_wconf 95' lang='lat'>‚</span> <span class='ocrx_word' id='word_1_256' title='bbox 1312 2362 1456 2411; x_wconf 85' lang='lat' dir='ltr'>quam</span> <span class='ocrx_word' id='word_1_257' title='bbox 1496 2365 1598 2414; x_wconf 86' lang='lat' dir='ltr'>quae</span> <span class='ocrx_word' id='word_1_258' title='bbox 1618 2364 1695 2397; x_wconf 86' lang='lat' dir='ltr'>ca-</span> 
     </span>
     <span class='ocr_line' id='line_1_30' title="bbox 32 2410 1687 2471; baseline 0.003 -12"><span class='ocrx_word' id='word_1_259' title='bbox 32 2424 152 2463; x_wconf 84' lang='lat' dir='ltr'>rent,</span> <span class='ocrx_word' id='word_1_260' title='bbox 172 2412 239 2460; x_wconf 83' lang='lat' dir='ltr'>ita</span> <span class='ocrx_word' id='word_1_261' title='bbox 258 2412 443 2461; x_wconf 85' lang='lat' dir='ltr'>veritati</span> <span class='ocrx_word' id='word_1_262' title='bbox 475 2410 739 2471; x_wconf 83' lang='lat' dir='ltr'>consonum</span> <span class='ocrx_word' id='word_1_263' title='bbox 773 2412 835 2461; x_wconf 88' lang='lat' dir='ltr'>est</span> <span class='ocrx_word' id='word_1_264' title='bbox 874 2425 1003 2462; x_wconf 79' lang='lat' dir='ltr'>extra</span> <span class='ocrx_word' id='word_1_265' title='bbox 1040 2415 1334 2464; x_wconf 82' lang='lat' dir='ltr'>Elementum</span> <span class='ocrx_word' id='word_1_266' title='bbox 1376 2415 1493 2465; x_wconf 88' lang='lat' dir='ltr'>illud</span> <span class='ocrx_word' id='word_1_267' title='bbox 1530 2416 1687 2467; x_wconf 86' lang='lat' dir='ltr'>minus</span> 
     </span>
     <span class='ocr_line' id='line_1_31' title="bbox 31 2479 1690 2548; baseline 0.005 -23"><span class='ocrx_word' id='word_1_268' title='bbox 31 2479 176 2529; x_wconf 83' lang='lat' dir='ltr'>vitam</span> <span class='ocrx_word' id='word_1_269' title='bbox 207 2481 476 2543; x_wconf 85' lang='lat' dir='ltr'>protrahere</span> <span class='ocrx_word' id='word_1_270' title='bbox 501 2513 515 2527; x_wconf 87' lang='lat'><strong>.</strong></span> <span class='ocrx_word' id='word_1_271' title='bbox 555 2481 852 2538; x_wconf 80' lang='lat' dir='ltr'>Duabus‚vt</span> <span class='ocrx_word' id='word_1_272' title='bbox 872 2496 964 2546; x_wconf 86' lang='lat' dir='ltr'>ego</span> <span class='ocrx_word' id='word_1_273' title='bbox 1002 2482 1209 2530; x_wconf 89' lang='lat' dir='ltr'>arbitror</span> <span class='ocrx_word' id='word_1_274' title='bbox 1231 2482 1496 2533; x_wconf 88' lang='lat' dir='ltr'>rationibus</span> <span class='ocrx_word' id='word_1_275' title='bbox 1532 2484 1690 2548; x_wconf 87' lang='lat' dir='ltr'>potest</span> 
     </span>
     <span class='ocr_line' id='line_1_32' title="bbox 32 2545 1977 2617; baseline 0.005 -24"><span class='ocrx_word' id='word_1_276' title='bbox 32 2547 202 2594; x_wconf 85' lang='lat' dir='ltr'>veritas</span> <span class='ocrx_word' id='word_1_277' title='bbox 225 2546 310 2596; x_wconf 77' lang='lat' dir='ltr'>ista</span> <span class='ocrx_word' id='word_1_278' title='bbox 345 2545 656 2617; x_wconf 83' lang='lat' dir='ltr'>fulciri,quas</span> <span class='ocrx_word' id='word_1_279' title='bbox 674 2562 923 2614; x_wconf 78' lang='lat' dir='ltr'>antequam</span> <span class='ocrx_word' id='word_1_280' title='bbox 944 2549 1182 2614; x_wconf 79' lang='lat' dir='ltr'>proferam</span> <span class='ocrx_word' id='word_1_281' title='bbox 1210 2580 1221 2601; x_wconf 81' lang='lat'>‚</span> <span class='ocrx_word' id='word_1_282' title='bbox 1243 2549 1652 2617; x_wconf 65' lang='lat' dir='ltr'>supponendum-2</span> <span class='ocrx_word' id='word_1_283' title='bbox 1677 2573 1688 2600; x_wconf 88' lang='lat'>:</span> <span class='ocrx_word' id='word_1_284' title='bbox 1735 2553 1848 2603; x_wconf 73' lang='lat' dir='ltr'>Arist</span> <span class='ocrx_word' id='word_1_285' title='bbox 1865 2558 1977 2607; x_wconf 82' lang='lat' dir='ltr'>ibid.</span> 
     </span>
     <span class='ocr_line' id='line_1_33' title="bbox 36 2614 1693 2684; baseline 0.005 -21"><span class='ocrx_word' id='word_1_286' title='bbox 36 2614 196 2664; x_wconf 84' lang='lat' dir='ltr'>Vitam</span> <span class='ocrx_word' id='word_1_287' title='bbox 217 2615 458 2672; x_wconf 81' lang='lat' dir='ltr'>confistere</span> <span class='ocrx_word' id='word_1_288' title='bbox 494 2617 542 2666; x_wconf 88' lang='lat' dir='ltr'>in</span> <span class='ocrx_word' id='word_1_289' title='bbox 570 2617 794 2684; x_wconf 86' lang='lat' dir='ltr'>temperie</span> <span class='ocrx_word' id='word_1_290' title='bbox 819 2617 979 2667; x_wconf 86' lang='lat' dir='ltr'>debita</span> <span class='ocrx_word' id='word_1_291' title='bbox 1000 2618 1186 2670; x_wconf 84' lang='lat' dir='ltr'>humidi</span> <span class='ocrx_word' id='word_1_292' title='bbox 1211 2650 1223 2671; x_wconf 74' lang='grc'><strong><em>,</em></strong></span> <span class='ocrx_word' id='word_1_293' title='bbox 1267 2624 1310 2667; x_wconf 71' lang='grc' dir='ltr'>δε</span> <span class='ocrx_word' id='word_1_294' title='bbox 1336 2620 1508 2670; x_wconf 75' lang='lat' dir='ltr'>eal-oris</span> <span class='ocrx_word' id='word_1_295' title='bbox 1530 2653 1542 2673; x_wconf 86' lang='lat'>‚</span> <span class='ocrx_word' id='word_1_296' title='bbox 1572 2620 1693 2672; x_wconf 70' lang='lat' dir='ltr'>vnde</span> 
     </span>
     <span class='ocr_line' id='line_1_34' title="bbox 31 2677 1692 2750; baseline 0.005 -20"><span class='ocrx_word' id='word_1_297' title='bbox 31 2677 234 2732; x_wconf 87' lang='lat' dir='ltr'>mascula</span> <span class='ocrx_word' id='word_1_298' title='bbox 256 2684 539 2741; x_wconf 61' lang='lat' dir='ltr'>Animarum,</span> <span class='ocrx_word' id='word_1_299' title='bbox 564 2685 726 2750; x_wconf 69' lang='lat' dir='ltr'>vrpote</span> <span class='ocrx_word' id='word_1_300' title='bbox 759 2685 977 2743; x_wconf 81' lang='lat' dir='ltr'>foeminas</span> <span class='ocrx_word' id='word_1_301' title='bbox 997 2690 1148 2737; x_wconf 88' lang='lat' dir='ltr'>calore</span> <span class='ocrx_word' id='word_1_302' title='bbox 1187 2687 1477 2745; x_wconf 68' lang='lat' dir='ltr'>excedentia,</span> <span class='ocrx_word' id='word_1_303' title='bbox 1500 2689 1692 2739; x_wconf 73' lang='lat' dir='ltr'>vitam..-</span> 
     </span>
     <span class='ocr_line' id='line_1_35' title="bbox 31 2749 1697 2816; baseline 0.005 -18"><span class='ocrx_word' id='word_1_304' title='bbox 31 2749 80 2798; x_wconf 87' lang='lat' dir='ltr'>in</span> <span class='ocrx_word' id='word_1_305' title='bbox 115 2751 304 2816; x_wconf 73' lang='lat' dir='ltr'>longius</span> <span class='ocrx_word' id='word_1_306' title='bbox 326 2753 612 2816; x_wconf 84' lang='lat' dir='ltr'>prouehunt,</span> <span class='ocrx_word' id='word_1_307' title='bbox 638 2769 722 2803; x_wconf 85' lang='lat' dir='ltr'>nec</span> <span class='ocrx_word' id='word_1_308' title='bbox 747 2751 957 2811; x_wconf 88' lang='lat' dir='ltr'>secus,ac</span> <span class='ocrx_word' id='word_1_309' title='bbox 976 2754 1023 2803; x_wconf 91' lang='lat' dir='ltr'>in</span> <span class='ocrx_word' id='word_1_310' title='bbox 1045 2757 1215 2809; x_wconf 85' lang='lat' dir='ltr'>Rubro</span> <span class='ocrx_word' id='word_1_311' title='bbox 1233 2758 1351 2811; x_wconf 87' lang='lat' dir='ltr'>mari</span> <span class='ocrx_word' id='word_1_312' title='bbox 1380 2790 1393 2812; x_wconf 87' lang='lat'><strong>,</strong></span> <span class='ocrx_word' id='word_1_313' title='bbox 1435 2762 1586 2808; x_wconf 89' lang='lat' dir='ltr'>calore</span> <span class='ocrx_word' id='word_1_314' title='bbox 1606 2758 1697 2809; x_wconf 83' lang='lat' dir='ltr'>fer-</span> 
     </span>
     <span class='ocr_line' id='line_1_36' title="bbox 36 2820 1702 2895; baseline 0.003 -27"><span class='ocrx_word' id='word_1_315' title='bbox 36 2820 316 2878; x_wconf 68' lang='lat' dir='ltr'>uenriffimo2</span> <span class='ocrx_word' id='word_1_316' title='bbox 336 2823 392 2871; x_wconf 87' lang='lat' dir='ltr'>ad</span> <span class='ocrx_word' id='word_1_317' title='bbox 413 2838 670 2885; x_wconf 74' lang='lat' dir='ltr'>immanem</span> <span class='ocrx_word' id='word_1_318' title='bbox 696 2823 1075 2895; x_wconf 62' lang='lat' dir='ltr'>magnitudinem</span> <span class='ocrx_word' id='word_1_319' title='bbox 1113 2824 1380 2879; x_wconf 81' lang='lat' dir='ltr'>excrescunt</span> <span class='ocrx_word' id='word_1_320' title='bbox 1395 2827 1654 2877; x_wconf 56' lang='lat' dir='ltr'>Testacea.)</span> <span class='ocrx_word' id='word_1_321' title='bbox 1687 2858 1702 2873; x_wconf 88' lang='lat'><strong>.</strong></span> 
     </span>
    </p>
   </div>
   <div class='ocr_carea' id='block_1_7' title="bbox 977 2894 1633 2956">
    <p class='ocr_par' dir='ltr' id='par_1_7' title="bbox 977 2894 1633 2956">
     <span class='ocr_line' id='line_1_37' title="bbox 977 2894 1633 2956; baseline 0.005 -13"><span class='ocrx_word' id='word_1_322' title='bbox 977 2895 1026 2956; x_wconf 67' lang='lat' dir='ltr'>{H</span> <span class='ocrx_word' id='word_1_323' title='bbox 1049 2894 1080 2954; x_wconf 51' lang='lat' dir='ltr'>,h</span> <span class='ocrx_word' id='word_1_324' title='bbox 1151 2907 1180 2955; x_wconf 55' lang='lat' dir='ltr'>a</span> <span class='ocrx_word' id='word_1_325' title='bbox 1502 2896 1633 2946; x_wconf 70' lang='lat' dir='ltr'>Huic</span> 
     </span>
    </p>
   </div>
  </div>
 </body>
</html>
