<?xml version="1.0" encoding="UTF-8"?>
<!DOCTYPE html PUBLIC "-//W3C//DTD XHTML 1.0 Transitional//EN"
    "http://www.w3.org/TR/xhtml1/DTD/xhtml1-transitional.dtd">
<html xmlns="http://www.w3.org/1999/xhtml" xml:lang="en" lang="en">
 <head>
  <title>
</title>
<meta http-equiv="Content-Type" content="text/html;charset=utf-8" />
  <meta name='ocr-system' content='tesseract 3.04.00' />
  <meta name='ocr-capabilities' content='ocr_page ocr_carea ocr_par ocr_line ocrx_word'/>
</head>
<body>
  <div class='ocr_page' id='page_1' title='image "./recreatiomentise00buon_0206.png"; bbox 0 0 2144 3218; ppageno 0'>
   <div class='ocr_carea' id='block_1_1' title="bbox 114 1302 291 1356">
    <p class='ocr_par' dir='ltr' id='par_1_1' title="bbox 114 1302 291 1356">
     <span class='ocr_line' id='line_1_1' title="bbox 114 1302 291 1356; baseline -0.017 -6"><span class='ocrx_word' id='word_1_1' title='bbox 114 1302 291 1356; x_wconf 64' lang='lat' dir='ltr'>class-32</span> 
     </span>
    </p>
   </div>
   <div class='ocr_carea' id='block_1_2' title="bbox 119 1666 349 1831">
    <p class='ocr_par' dir='ltr' id='par_1_2' title="bbox 119 1666 349 1831">
     <span class='ocr_line' id='line_1_2' title="bbox 119 1666 347 1711; baseline -0.018 0"><span class='ocrx_word' id='word_1_2' title='bbox 119 1668 257 1711; x_wconf 80' lang='lat' dir='ltr'>Paolo&#39;</span> <span class='ocrx_word' id='word_1_3' title='bbox 272 1666 347 1708; x_wconf 85' lang='lat' dir='ltr'>Ma</span> 
     </span>
     <span class='ocr_line' id='line_1_3' title="bbox 121 1721 349 1765; baseline -0.009 0"><span class='ocrx_word' id='word_1_4' title='bbox 121 1726 183 1765; x_wconf 74' lang='lat' dir='ltr'>ria</span> <span class='ocrx_word' id='word_1_5' title='bbox 207 1721 349 1763; x_wconf 72' lang='lat' dir='ltr'>Tersa-</span> 
     </span>
     <span class='ocr_line' id='line_1_4' title="bbox 120 1787 284 1831; baseline -0.006 -13"><span class='ocrx_word' id='word_1_6' title='bbox 120 1789 176 1831; x_wconf 51' lang='grc' dir='ltr'>(ἑο</span> <span class='ocrx_word' id='word_1_7' title='bbox 194 1787 244 1819; x_wconf 66' lang='lat' dir='ltr'>ed</span> <span class='ocrx_word' id='word_1_8' title='bbox 253 1789 284 1819; x_wconf 69' lang='lat' dir='ltr'><strong>h</strong></span> 
     </span>
    </p>
   </div>
   <div class='ocr_carea' id='block_1_3' title="bbox 489 150 1537 241">
    <p class='ocr_par' dir='ltr' id='par_1_3' title="bbox 489 150 1537 241">
     <span class='ocr_line' id='line_1_5' title="bbox 489 150 1537 241; baseline 0.001 -20"><span class='ocrx_word' id='word_1_9' title='bbox 489 179 512 221; x_wconf 88' lang='lat'>1</span> <span class='ocrx_word' id='word_1_10' title='bbox 527 160 614 241; x_wconf 76' lang='lat'>78¹</span> <span class='ocrx_word' id='word_1_11' title='bbox 902 153 1130 225; x_wconf 85' lang='lat' dir='ltr'>PARS</span> <span class='ocrx_word' id='word_1_12' title='bbox 1151 172 1154 175; x_wconf 86' lang='grc'><strong>’</strong></span> <span class='ocrx_word' id='word_1_13' title='bbox 1179 150 1537 234; x_wconf 78' lang='lat' dir='ltr'>TERTIA</span> 
     </span>
    </p>
   </div>
   <div class='ocr_carea' id='block_1_4' title="bbox 376 283 2058 3028">
    <p class='ocr_par' dir='ltr' id='par_1_4' title="bbox 376 283 2052 755">
     <span class='ocr_line' id='line_1_6' title="bbox 382 283 2050 365; baseline 0.004 -29"><span class='ocrx_word' id='word_1_14' title='bbox 382 287 541 336; x_wconf 80' lang='lat' dir='ltr'>staceis</span> <span class='ocrx_word' id='word_1_15' title='bbox 570 287 704 337; x_wconf 82' lang='lat' dir='ltr'>vnica</span> <span class='ocrx_word' id='word_1_16' title='bbox 727 283 840 337; x_wconf 85' lang='lat' dir='ltr'>testa</span> <span class='ocrx_word' id='word_1_17' title='bbox 874 289 1007 340; x_wconf 63' lang='lat' dir='ltr'>testis</span> <span class='ocrx_word' id='word_1_18' title='bbox 1028 291 1169 338; x_wconf 81' lang='lat' dir='ltr'>Maris</span> <span class='ocrx_word' id='word_1_19' title='bbox 1193 292 1398 341; x_wconf 81' lang='lat' dir='ltr'><strong>Auribus</strong></span> <span class='ocrx_word' id='word_1_20' title='bbox 1422 297 1702 357; x_wconf 85' lang='lat' dir='ltr'>nuncupatis</span> <span class='ocrx_word' id='word_1_21' title='bbox 1730 330 1744 352; x_wconf 92' lang='lat'><strong>,</strong></span> <span class='ocrx_word' id='word_1_22' title='bbox 1796 297 1930 365; x_wconf 67' lang='lat' dir='ltr'>&#39;quod</span> <span class='ocrx_word' id='word_1_23' title='bbox 1951 305 2050 351; x_wconf 63' lang='grc' dir='ltr'><strong>Λα.-</strong></span> 
     </span>
     <span class='ocr_line' id='line_1_7' title="bbox 380 354 2043 428; baseline 0.007 -27"><span class='ocrx_word' id='word_1_24' title='bbox 380 356 503 402; x_wconf 86' lang='lat' dir='ltr'>rium</span> <span class='ocrx_word' id='word_1_25' title='bbox 526 354 728 418; x_wconf 81' lang='lat' dir='ltr'>figuram</span> <span class='ocrx_word' id='word_1_26' title='bbox 763 356 994 409; x_wconf 73' lang='lat' dir='ltr'>referant,</span> <span class='ocrx_word' id='word_1_27' title='bbox 1032 371 1221 419; x_wconf 73' lang='lat' dir='ltr'>aptante</span> <span class='ocrx_word' id='word_1_28' title='bbox 1256 361 1316 418; x_wconf 76' lang='lat' dir='ltr'>iJ&#39;s</span> <span class='ocrx_word' id='word_1_29' title='bbox 1345 363 1527 409; x_wconf 86' lang='lat' dir='ltr'>Natura</span> <span class='ocrx_word' id='word_1_30' title='bbox 1574 364 1701 424; x_wconf 80' lang='lat' dir='ltr'>quali</span> <span class='ocrx_word' id='word_1_31' title='bbox 1720 380 1803 428; x_wconf 87' lang='lat' dir='ltr'>per</span> <span class='ocrx_word' id='word_1_32' title='bbox 1835 369 2043 419; x_wconf 60' lang='lat' dir='ltr'>iocum</span> 
     </span>
     <span class='ocr_line' id='line_1_8' title="bbox 380 421 2039 491; baseline 0.008 -24"><span class='ocrx_word' id='word_1_33' title='bbox 380 421 678 483; x_wconf 84' lang='lat' dir='ltr'>ingeniosum</span> <span class='ocrx_word' id='word_1_34' title='bbox 717 438 1048 473; x_wconf 82' lang='lat' dir='ltr'>ornamentum</span> <span class='ocrx_word' id='word_1_35' title='bbox 1091 425 1211 471; x_wconf 73' lang='lat' dir='ltr'>illud</span> <span class='ocrx_word' id='word_1_36' title='bbox 1248 456 1262 480; x_wconf 88' lang='lat'><strong>,</strong></span> <span class='ocrx_word' id='word_1_37' title='bbox 1319 427 1455 476; x_wconf 87' lang='lat' dir='ltr'>cuius</span> <span class='ocrx_word' id='word_1_38' title='bbox 1489 443 1715 491; x_wconf 85' lang='lat' dir='ltr'>pompam</span> <span class='ocrx_word' id='word_1_39' title='bbox 1763 432 1911 482; x_wconf 66' lang='lat' dir='ltr'>facere</span> <span class='ocrx_word' id='word_1_40' title='bbox 1952 438 2039 485; x_wconf 56' lang='lat' dir='ltr'>in„</span> 
     </span>
     <span class='ocr_line' id='line_1_9' title="bbox 376 488 2050 551; baseline 0.006 -16"><span class='ocrx_word' id='word_1_41' title='bbox 376 488 569 538; x_wconf 81' lang='lat' dir='ltr'>auribus</span> <span class='ocrx_word' id='word_1_42' title='bbox 621 490 920 539; x_wconf 80' lang='lat' dir='ltr'>foeminarum</span> <span class='ocrx_word' id='word_1_43' title='bbox 959 494 1095 538; x_wconf 69' lang='lat' dir='ltr'>luxus</span> <span class='ocrx_word' id='word_1_44' title='bbox 1133 490 1378 540; x_wconf 75' lang='lat' dir='ltr'>consueuit</span> <span class='ocrx_word' id='word_1_45' title='bbox 1423 526 1436 543; x_wconf 88' lang='lat'><strong>.</strong></span> <span class='ocrx_word' id='word_1_46' title='bbox 1504 499 1677 544; x_wconf 82' lang='lat' dir='ltr'>Verum</span> <span class='ocrx_word' id='word_1_47' title='bbox 1717 521 1730 549; x_wconf 63' lang='lat'><em>⁵</em></span> <span class='ocrx_word' id='word_1_48' title='bbox 1770 500 1818 546; x_wconf 87' lang='lat' dir='ltr'>hi</span> <span class='ocrx_word' id='word_1_49' title='bbox 1863 503 2050 551; x_wconf 68' lang='lat' dir='ltr'>ssmiles-</span> 
     </span>
     <span class='ocr_line' id='line_1_10' title="bbox 377 556 2049 623; baseline 0.007 -19"><span class='ocrx_word' id='word_1_50' title='bbox 377 572 470 620; x_wconf 88' lang='lat' dir='ltr'>que</span> <span class='ocrx_word' id='word_1_51' title='bbox 498 558 690 604; x_wconf 77' lang='lat' dir='ltr'>vniones</span> <span class='ocrx_word' id='word_1_52' title='bbox 710 590 722 607; x_wconf 83' lang='lat'><strong>‚</strong></span> <span class='ocrx_word' id='word_1_53' title='bbox 756 557 962 606; x_wconf 85' lang='lat' dir='ltr'>minimo</span> <span class='ocrx_word' id='word_1_54' title='bbox 1014 556 1119 606; x_wconf 83' lang='lat' dir='ltr'>sunt</span> <span class='ocrx_word' id='word_1_55' title='bbox 1157 560 1205 606; x_wconf 86' lang='lat' dir='ltr'>in</span> <span class='ocrx_word' id='word_1_56' title='bbox 1241 561 1399 623; x_wconf 87' lang='lat' dir='ltr'>pretio</span> <span class='ocrx_word' id='word_1_57' title='bbox 1416 594 1430 618; x_wconf 93' lang='lat'><strong>,</strong></span> <span class='ocrx_word' id='word_1_58' title='bbox 1490 576 1596 611; x_wconf 88' lang='lat' dir='ltr'>cum</span> <span class='ocrx_word' id='word_1_59' title='bbox 1638 577 1713 611; x_wconf 85' lang='lat' dir='ltr'>eas</span> <span class='ocrx_word' id='word_1_60' title='bbox 1754 563 1802 611; x_wconf 88' lang='lat' dir='ltr'>in</span> <span class='ocrx_word' id='word_1_61' title='bbox 1835 567 1876 615; x_wconf 89' lang='lat' dir='ltr'>se</span> <span class='ocrx_word' id='word_1_62' title='bbox 1914 570 2049 621; x_wconf 79' lang='lat' dir='ltr'>dotes</span> 
     </span>
     <span class='ocr_line' id='line_1_11' title="bbox 379 625 2052 694; baseline 0.008 -25"><span class='ocrx_word' id='word_1_63' title='bbox 379 640 475 671; x_wconf 86' lang='lat' dir='ltr'>non</span> <span class='ocrx_word' id='word_1_64' title='bbox 495 625 709 677; x_wconf 70' lang='lat' dir='ltr'>reserant,</span> <span class='ocrx_word' id='word_1_65' title='bbox 744 642 846 689; x_wconf 86' lang='lat' dir='ltr'>quae</span> <span class='ocrx_word' id='word_1_66' title='bbox 865 626 913 674; x_wconf 84' lang='lat' dir='ltr'>in</span> <span class='ocrx_word' id='word_1_67' title='bbox 932 625 1150 676; x_wconf 88' lang='lat' dir='ltr'>omnium</span> <span class='ocrx_word' id='word_1_68' title='bbox 1165 627 1505 679; x_wconf 83' lang='lat' dir='ltr'>existimatione</span> <span class='ocrx_word' id='word_1_69' title='bbox 1529 663 1542 683; x_wconf 88' lang='lat'>,</span> <span class='ocrx_word' id='word_1_70' title='bbox 1565 631 1818 694; x_wconf 82' lang='lat' dir='ltr'>pretiosam</span> <span class='ocrx_word' id='word_1_71' title='bbox 1852 637 2052 685; x_wconf 85' lang='lat' dir='ltr'>reddunt</span> 
     </span>
     <span class='ocr_line' id='line_1_12' title="bbox 391 693 746 755; baseline -0.003 -16"><span class='ocrx_word' id='word_1_72' title='bbox 391 693 703 755; x_wconf 74' lang='lat' dir='ltr'>Margaritam</span> <span class='ocrx_word' id='word_1_73' title='bbox 732 726 746 738; x_wconf 88' lang='lat'><strong>.</strong></span> 
     </span>
    </p>

    <p class='ocr_par' dir='ltr' id='par_1_5' title="bbox 378 759 2058 3028">
     <span class='ocr_line' id='line_1_13' title="bbox 516 759 2049 827; baseline 0.008 -20"><span class='ocrx_word' id='word_1_74' title='bbox 516 761 760 810; x_wconf 80' lang='lat' dir='ltr'>Dicuntur</span> <span class='ocrx_word' id='word_1_75' title='bbox 781 759 1133 825; x_wconf 84' lang='lat' dir='ltr'>Margaritiferae</span> <span class='ocrx_word' id='word_1_76' title='bbox 1155 763 1251 812; x_wconf 83' lang='lat' dir='ltr'>illae</span> <span class='ocrx_word' id='word_1_77' title='bbox 1275 764 1506 817; x_wconf 80' lang='lat' dir='ltr'>Conchae‚</span> <span class='ocrx_word' id='word_1_78' title='bbox 1529 779 1639 827; x_wconf 85' lang='lat' dir='ltr'>quae</span> <span class='ocrx_word' id='word_1_79' title='bbox 1661 779 1885 827; x_wconf 85' lang='lat' dir='ltr'>generant</span> <span class='ocrx_word' id='word_1_80' title='bbox 1911 772 2049 820; x_wconf 72' lang='lat' dir='ltr'>vnio-‘</span> 
     </span>
     <span class='ocr_line' id='line_1_14' title="bbox 378 830 2045 896; baseline 0.007 -22"><span class='ocrx_word' id='word_1_81' title='bbox 378 830 999 894; x_wconf 68' lang='lat' dir='ltr'>uen1‚&amp;quamuisnomen</span> <span class='ocrx_word' id='word_1_82' title='bbox 1036 830 1237 878; x_wconf 83' lang='lat' dir='ltr'>Conchae</span> <span class='ocrx_word' id='word_1_83' title='bbox 1280 832 1636 896; x_wconf 69' lang='lat' dir='ltr'>Margaritiferae</span> <span class='ocrx_word' id='word_1_84' title='bbox 1678 833 1737 892; x_wconf 82' lang='lat' dir='ltr'>ijs</span> <span class='ocrx_word' id='word_1_85' title='bbox 1773 834 1922 884; x_wconf 71' lang='lat' dir='ltr'>solum</span> <span class='ocrx_word' id='word_1_86' title='bbox 1948 841 2045 886; x_wconf 74' lang='lat' dir='ltr'>Te·</span> 
     </span>
     <span class='ocr_line' id='line_1_15' title="bbox 379 897 2051 962; baseline 0.008 -21"><span class='ocrx_word' id='word_1_87' title='bbox 379 897 542 943; x_wconf 67' lang='lat' dir='ltr'>staceis</span> <span class='ocrx_word' id='word_1_88' title='bbox 561 897 945 946; x_wconf 79' lang='lat' dir='ltr'>accommodetur</span> <span class='ocrx_word' id='word_1_89' title='bbox 971 931 983 950; x_wconf 92' lang='lat'>,</span> <span class='ocrx_word' id='word_1_90' title='bbox 1021 914 1133 962; x_wconf 80' lang='lat' dir='ltr'>quae</span> <span class='ocrx_word' id='word_1_91' title='bbox 1167 914 1220 945; x_wconf 87' lang='lat' dir='ltr'>ex</span> <span class='ocrx_word' id='word_1_92' title='bbox 1240 904 1396 947; x_wconf 87' lang='lat' dir='ltr'>colore</span> <span class='ocrx_word' id='word_1_93' title='bbox 1419 934 1431 951; x_wconf 92' lang='lat'>,</span> <span class='ocrx_word' id='word_1_94' title='bbox 1472 914 1521 948; x_wconf 88' lang='lat' dir='ltr'>vt</span> <span class='ocrx_word' id='word_1_95' title='bbox 1565 902 1778 962; x_wconf 71' lang='lat' dir='ltr'>magnus]</span> <span class='ocrx_word' id='word_1_96' title='bbox 1801 904 2051 954; x_wconf 82' lang='lat' dir='ltr'>adnotauit</span> 
     </span>
     <span class='ocr_line' id='line_1_16' title="bbox 381 963 2048 1030; baseline 0.005 -20"><span class='ocrx_word' id='word_1_97' title='bbox 381 963 608 1013; x_wconf 88' lang='lat' dir='ltr'>Albertus</span> <span class='ocrx_word' id='word_1_98' title='bbox 636 998 648 1017; x_wconf 89' lang='lat'>,</span> <span class='ocrx_word' id='word_1_99' title='bbox 702 967 876 1028; x_wconf 76' lang='lat' dir='ltr'>aliquid</span> <span class='ocrx_word' id='word_1_100' title='bbox 893 964 1059 1014; x_wconf 77' lang='lat' dir='ltr'>habent</span> <span class='ocrx_word' id='word_1_101' title='bbox 1087 966 1141 1011; x_wconf 83' lang='lat' dir='ltr'>de</span> <span class='ocrx_word' id='word_1_102' title='bbox 1166 969 1354 1014; x_wconf 75' lang='lat' dir='ltr'>Natura</span> <span class='ocrx_word' id='word_1_103' title='bbox 1382 973 1639 1030; x_wconf 72' lang='lat' dir='ltr'><em>Margarita</em></span> <span class='ocrx_word' id='word_1_104' title='bbox 1667 984 1681 1020; x_wconf 86' lang='lat'>;</span> <span class='ocrx_word' id='word_1_105' title='bbox 1721 984 1774 1016; x_wconf 85' lang='lat' dir='ltr'>ex</span> <span class='ocrx_word' id='word_1_106' title='bbox 1796 970 1869 1017; x_wconf 86' lang='lat' dir='ltr'>his</span> <span class='ocrx_word' id='word_1_107' title='bbox 1891 985 2048 1021; x_wconf 84' lang='lat' dir='ltr'>tamen</span> 
     </span>
     <span class='ocr_line' id='line_1_17' title="bbox 380 1030 2045 1094; baseline 0.005 -16"><span class='ocrx_word' id='word_1_108' title='bbox 380 1030 548 1094; x_wconf 78' lang='lat' dir='ltr'>aliquae</span> <span class='ocrx_word' id='word_1_109' title='bbox 571 1044 755 1080; x_wconf 84' lang='lat' dir='ltr'>tantum</span> <span class='ocrx_word' id='word_1_110' title='bbox 775 1031 878 1080; x_wconf 86' lang='lat' dir='ltr'>sunt</span> <span class='ocrx_word' id='word_1_111' title='bbox 905 1031 1174 1082; x_wconf 71' lang='lat' dir='ltr'>Genitrices</span> <span class='ocrx_word' id='word_1_112' title='bbox 1195 1034 1421 1082; x_wconf 86' lang='lat' dir='ltr'>vnionum</span> <span class='ocrx_word' id='word_1_113' title='bbox 1455 1051 1549 1082; x_wconf 89' lang='lat' dir='ltr'>non</span> <span class='ocrx_word' id='word_1_114' title='bbox 1571 1051 1737 1084; x_wconf 86' lang='lat' dir='ltr'>omnes</span> <span class='ocrx_word' id='word_1_115' title='bbox 1756 1069 1768 1081; x_wconf 89' lang='lat'><strong>.</strong></span> <span class='ocrx_word' id='word_1_116' title='bbox 1822 1042 2045 1087; x_wconf 87' lang='lat' dir='ltr'>Colorem</span> 
     </span>
     <span class='ocr_line' id='line_1_18' title="bbox 378 1098 2053 1166; baseline 0.005 -21"><span class='ocrx_word' id='word_1_117' title='bbox 378 1098 520 1148; x_wconf 82' lang='lat' dir='ltr'>habet</span> <span class='ocrx_word' id='word_1_118' title='bbox 543 1098 912 1163; x_wconf 84' lang='lat' dir='ltr'>pulcherrimum</span> <span class='ocrx_word' id='word_1_119' title='bbox 953 1099 1308 1163; x_wconf 79' lang='lat' dir='ltr'>Margaritiferae</span> <span class='ocrx_word' id='word_1_120' title='bbox 1350 1102 1550 1151; x_wconf 83' lang='lat' dir='ltr'>Concha</span> <span class='ocrx_word' id='word_1_121' title='bbox 1587 1103 1699 1159; x_wconf 84' lang='lat' dir='ltr'>illa,</span> <span class='ocrx_word' id='word_1_122' title='bbox 1743 1119 1847 1166; x_wconf 84' lang='lat' dir='ltr'>quae</span> <span class='ocrx_word' id='word_1_123' title='bbox 1874 1108 2053 1154; x_wconf 76' lang='lat' dir='ltr'>Olearia</span> 
     </span>
     <span class='ocr_line' id='line_1_19' title="bbox 385 1165 2053 1233; baseline 0.005 -21"><span class='ocrx_word' id='word_1_124' title='bbox 385 1165 563 1217; x_wconf 88' lang='lat' dir='ltr'>dicitur</span> <span class='ocrx_word' id='word_1_125' title='bbox 588 1183 642 1215; x_wconf 81' lang='lat' dir='ltr'>ex</span> <span class='ocrx_word' id='word_1_126' title='bbox 659 1168 855 1231; x_wconf 85' lang='lat' dir='ltr'>antiqua</span> <span class='ocrx_word' id='word_1_127' title='bbox 881 1166 1234 1221; x_wconf 85' lang='lat' dir='ltr'>consuetudine,</span> <span class='ocrx_word' id='word_1_128' title='bbox 1260 1183 1412 1218; x_wconf 86' lang='lat' dir='ltr'>vtente</span> <span class='ocrx_word' id='word_1_129' title='bbox 1452 1170 1509 1228; x_wconf 77' lang='lat' dir='ltr'>ijs</span> <span class='ocrx_word' id='word_1_130' title='bbox 1532 1185 1627 1233; x_wconf 87' lang='lat' dir='ltr'>pro·</span> <span class='ocrx_word' id='word_1_131' title='bbox 1656 1173 1842 1221; x_wconf 85' lang='lat' dir='ltr'>lucerna</span> <span class='ocrx_word' id='word_1_132' title='bbox 1863 1206 1876 1225; x_wconf 89' lang='lat'>,</span> <span class='ocrx_word' id='word_1_133' title='bbox 1899 1179 1942 1220; x_wconf 67' lang='grc' dir='ltr'>ὅ(</span> <span class='ocrx_word' id='word_1_134' title='bbox 1962 1174 2053 1220; x_wconf 63' lang='lat' dir='ltr'>iri-2</span> 
     </span>
     <span class='ocr_line' id='line_1_20' title="bbox 382 1233 2047 1304; baseline 0.004 -24"><span class='ocrx_word' id='word_1_135' title='bbox 382 1233 621 1284; x_wconf 86' lang='lat' dir='ltr'>Indiarum</span> <span class='ocrx_word' id='word_1_136' title='bbox 645 1236 958 1284; x_wconf 67' lang='lat' dir='ltr'>Orientalium</span> <span class='ocrx_word' id='word_1_137' title='bbox 986 1234 1193 1283; x_wconf 82' lang='lat' dir='ltr'>Maribus</span> <span class='ocrx_word' id='word_1_138' title='bbox 1209 1235 1411 1285; x_wconf 77' lang='lat' dir='ltr'>nascitur</span> <span class='ocrx_word' id='word_1_139' title='bbox 1432 1253 1627 1285; x_wconf 83' lang='lat' dir='ltr'>nurnero</span> <span class='ocrx_word' id='word_1_140' title='bbox 1647 1253 1776 1289; x_wconf 90' lang='lat' dir='ltr'>nono</span> <span class='ocrx_word' id='word_1_141' title='bbox 1796 1239 2047 1304; x_wconf 81' lang='lat' dir='ltr'>descripta.</span> 
     </span>
     <span class='ocr_line' id='line_1_21' title="bbox 387 1303 2053 1371; baseline 0.002 -21"><span class='ocrx_word' id='word_1_142' title='bbox 387 1303 550 1352; x_wconf 83' lang='lat' dir='ltr'>Habet</span> <span class='ocrx_word' id='word_1_143' title='bbox 569 1305 712 1353; x_wconf 84' lang='lat' dir='ltr'>etiam</span> <span class='ocrx_word' id='word_1_144' title='bbox 733 1303 918 1355; x_wconf 87' lang='lat' dir='ltr'>vnionis</span> <span class='ocrx_word' id='word_1_145' title='bbox 931 1306 1141 1352; x_wconf 84' lang='lat' dir='ltr'>colorem</span> <span class='ocrx_word' id='word_1_146' title='bbox 1165 1318 1218 1351; x_wconf 83' lang='lat' dir='ltr'>ea</span> <span class='ocrx_word' id='word_1_147' title='bbox 1242 1305 1450 1352; x_wconf 80' lang='lat' dir='ltr'>Cochlea</span> <span class='ocrx_word' id='word_1_148' title='bbox 1469 1305 1642 1353; x_wconf 82' lang='lat' dir='ltr'>extima</span> <span class='ocrx_word' id='word_1_149' title='bbox 1660 1303 1730 1352; x_wconf 87' lang='lat' dir='ltr'>sui</span> <span class='ocrx_word' id='word_1_150' title='bbox 1748 1308 2053 1371; x_wconf 70' lang='lat' dir='ltr'>partemigro.</span> 
     </span>
     <span class='ocr_line' id='line_1_22' title="bbox 386 1371 2051 1436; baseline 0.004 -19"><span class='ocrx_word' id='word_1_151' title='bbox 386 1372 559 1420; x_wconf 77' lang='lat' dir='ltr'>&amp;albo</span> <span class='ocrx_word' id='word_1_152' title='bbox 595 1376 758 1421; x_wconf 87' lang='lat' dir='ltr'>colore</span> <span class='ocrx_word' id='word_1_153' title='bbox 782 1372 945 1420; x_wconf 84' lang='lat' dir='ltr'>vestita</span> <span class='ocrx_word' id='word_1_154' title='bbox 966 1387 1095 1420; x_wconf 86' lang='lat' dir='ltr'>num.</span> <span class='ocrx_word' id='word_1_155' title='bbox 1120 1387 1197 1432; x_wconf 85' lang='lat'>29.</span> <span class='ocrx_word' id='word_1_156' title='bbox 1224 1378 1269 1420; x_wconf 75' lang='grc' dir='ltr'>δε</span> <span class='ocrx_word' id='word_1_157' title='bbox 1289 1387 1369 1432; x_wconf 85' lang='lat'>30.</span> <span class='ocrx_word' id='word_1_158' title='bbox 1390 1371 1588 1436; x_wconf 79' lang='lat' dir='ltr'>expreffa</span> <span class='ocrx_word' id='word_1_159' title='bbox 1613 1407 1626 1419; x_wconf 90' lang='lat'><strong>.</strong></span> <span class='ocrx_word' id='word_1_160' title='bbox 1667 1373 1871 1429; x_wconf 81' lang='lat' dir='ltr'>Habent,</span> <span class='ocrx_word' id='word_1_161' title='bbox 1888 1381 1932 1422; x_wconf 86' lang='lat'>&amp;</span> <span class='ocrx_word' id='word_1_162' title='bbox 1949 1378 2051 1423; x_wconf 78' lang='lat' dir='ltr'>aliae</span> 
     </span>
     <span class='ocr_line' id='line_1_23' title="bbox 387 1439 2054 1504; baseline 0.002 -18"><span class='ocrx_word' id='word_1_163' title='bbox 387 1443 545 1488; x_wconf 85' lang='lat' dir='ltr'>multae</span> <span class='ocrx_word' id='word_1_164' title='bbox 566 1475 580 1500; x_wconf 90' lang='lat'>,</span> <span class='ocrx_word' id='word_1_165' title='bbox 600 1441 743 1490; x_wconf 86' lang='lat' dir='ltr'>habet</span> <span class='ocrx_word' id='word_1_166' title='bbox 784 1440 1010 1491; x_wconf 79' lang='lat' dir='ltr'>Nautilus</span> <span class='ocrx_word' id='word_1_167' title='bbox 1046 1439 1216 1504; x_wconf 85' lang='lat' dir='ltr'>speciei</span> <span class='ocrx_word' id='word_1_168' title='bbox 1248 1440 1452 1489; x_wconf 79' lang='lat' dir='ltr'>lecundae</span> <span class='ocrx_word' id='word_1_169' title='bbox 1472 1473 1486 1497; x_wconf 93' lang='lat'>,</span> <span class='ocrx_word' id='word_1_170' title='bbox 1538 1441 1612 1487; x_wconf 87' lang='lat' dir='ltr'>sed</span> <span class='ocrx_word' id='word_1_171' title='bbox 1639 1444 1763 1490; x_wconf 83' lang='lat' dir='ltr'>nulla</span> <span class='ocrx_word' id='word_1_172' title='bbox 1784 1459 1837 1489; x_wconf 80' lang='lat' dir='ltr'>ex</span> <span class='ocrx_word' id='word_1_173' title='bbox 1859 1443 1932 1490; x_wconf 84' lang='lat' dir='ltr'>his</span> <span class='ocrx_word' id='word_1_174' title='bbox 1967 1441 2054 1490; x_wconf 83' lang='lat' dir='ltr'>foe-</span> 
     </span>
     <span class='ocr_line' id='line_1_24' title="bbox 388 1507 2048 1570; baseline 0.002 -15"><span class='ocrx_word' id='word_1_175' title='bbox 388 1508 542 1556; x_wconf 85' lang='lat' dir='ltr'>cunda</span> <span class='ocrx_word' id='word_1_176' title='bbox 575 1509 637 1555; x_wconf 87' lang='lat' dir='ltr'>est</span> <span class='ocrx_word' id='word_1_177' title='bbox 683 1509 956 1568; x_wconf 77' lang='lat' dir='ltr'>Margaritis</span> <span class='ocrx_word' id='word_1_178' title='bbox 976 1524 996 1558; x_wconf 65' lang='lat'>;⁴</span> <span class='ocrx_word' id='word_1_179' title='bbox 1035 1523 1132 1567; x_wconf 83' lang='lat' dir='ltr'>qua</span> <span class='ocrx_word' id='word_1_180' title='bbox 1161 1521 1357 1568; x_wconf 81' lang='lat' dir='ltr'>propter</span> <span class='ocrx_word' id='word_1_181' title='bbox 1391 1507 1570 1554; x_wconf 85' lang='lat' dir='ltr'>fallitur</span> <span class='ocrx_word' id='word_1_182' title='bbox 1592 1511 1771 1555; x_wconf 62' lang='lat' dir='ltr'>Austor</span> <span class='ocrx_word' id='word_1_183' title='bbox 1793 1510 2048 1570; x_wconf 81' lang='lat' dir='ltr'>Septaliani</span> 
     </span>
     <span class='ocr_line' id='line_1_25' title="bbox 390 1569 2050 1635; baseline -0.004 -11"><span class='ocrx_word' id='word_1_184' title='bbox 390 1575 580 1628; x_wconf 83' lang='lat' dir='ltr'>Musaei;</span> <span class='ocrx_word' id='word_1_185' title='bbox 608 1591 716 1628; x_wconf 84' lang='lat' dir='ltr'>cum</span> <span class='ocrx_word' id='word_1_186' title='bbox 740 1573 989 1622; x_wconf 85' lang='lat' dir='ltr'>Nautilum</span> <span class='ocrx_word' id='word_1_187' title='bbox 1011 1569 1273 1619; x_wconf 84' lang='lat' dir='ltr'>describens</span> <span class='ocrx_word' id='word_1_188' title='bbox 1295 1586 1346 1617; x_wconf 78' lang='lat' dir='ltr'>ex</span> <span class='ocrx_word' id='word_1_189' title='bbox 1367 1572 1530 1620; x_wconf 78' lang='lat' dir='ltr'>multis</span> <span class='ocrx_word' id='word_1_190' title='bbox 1565 1606 1576 1624; x_wconf 84' lang='lat'>‚</span> <span class='ocrx_word' id='word_1_191' title='bbox 1596 1574 1682 1635; x_wconf 86' lang='lat' dir='ltr'>qui</span> <span class='ocrx_word' id='word_1_192' title='bbox 1706 1574 1754 1619; x_wconf 90' lang='lat' dir='ltr'>in</span> <span class='ocrx_word' id='word_1_193' title='bbox 1773 1589 1831 1622; x_wconf 90' lang='lat' dir='ltr'>eo</span> <span class='ocrx_word' id='word_1_194' title='bbox 1857 1575 2050 1625; x_wconf 74' lang='lat' dir='ltr'>ass&#39;erua-</span> 
     </span>
     <span class='ocr_line' id='line_1_26' title="bbox 388 1637 2052 1701; baseline 0.001 -14"><span class='ocrx_word' id='word_1_195' title='bbox 388 1642 586 1692; x_wconf 80' lang='lat' dir='ltr'>bantur:</span> <span class='ocrx_word' id='word_1_196' title='bbox 628 1647 687 1693; x_wconf 87' lang='lat' dir='ltr'>Vi</span> <span class='ocrx_word' id='word_1_197' title='bbox 715 1641 752 1701; x_wconf 80' lang='lat' dir='ltr'><em>fi</em></span> <span class='ocrx_word' id='word_1_198' title='bbox 773 1644 887 1688; x_wconf 77' lang='lat' dir='ltr'>mira</span> <span class='ocrx_word' id='word_1_199' title='bbox 907 1671 922 1695; x_wconf 91' lang='lat'>‚</span> <span class='ocrx_word' id='word_1_200' title='bbox 943 1637 1104 1699; x_wconf 87' lang='lat' dir='ltr'>inquit</span> <span class='ocrx_word' id='word_1_201' title='bbox 1124 1669 1137 1687; x_wconf 91' lang='lat'>‚</span> <span class='ocrx_word' id='word_1_202' title='bbox 1181 1654 1278 1683; x_wconf 79' lang='lat' dir='ltr'>vna</span> <span class='ocrx_word' id='word_1_203' title='bbox 1307 1640 1436 1685; x_wconf 76' lang='lat' dir='ltr'>Perla</span> <span class='ocrx_word' id='word_1_204' title='bbox 1464 1643 1639 1685; x_wconf 79' lang='lat' dir='ltr'>ritonda</span> <span class='ocrx_word' id='word_1_205' title='bbox 1659 1670 1672 1690; x_wconf 82' lang='lat'>‚</span> <span class='ocrx_word' id='word_1_206' title='bbox 1701 1641 1780 1686; x_wconf 82' lang='lat' dir='ltr'>che</span> <span class='ocrx_word' id='word_1_207' title='bbox 1801 1648 1846 1687; x_wconf 81' lang='lat' dir='ltr'>in</span> <span class='ocrx_word' id='word_1_208' title='bbox 1871 1655 1966 1689; x_wconf 82' lang='lat' dir='ltr'>atto</span> <span class='ocrx_word' id='word_1_209' title='bbox 2003 1645 2052 1689; x_wconf 78' lang='lat' dir='ltr'>di</span> 
     </span>
     <span class='ocr_line' id='line_1_27' title="bbox 389 1701 2057 1771; baseline -0.003 -13"><span class='ocrx_word' id='word_1_210' title='bbox 389 1710 609 1771; x_wconf 79' lang='lat' dir='ltr'>vscirsene</span> <span class='ocrx_word' id='word_1_211' title='bbox 646 1708 763 1755; x_wconf 83' lang='lat' dir='ltr'>dalla</span> <span class='ocrx_word' id='word_1_212' title='bbox 783 1709 963 1768; x_wconf 79' lang='lat' dir='ltr'>propria</span> <span class='ocrx_word' id='word_1_213' title='bbox 984 1706 1201 1756; x_wconf 80' lang='lat' dir='ltr'>Matrice,</span> <span class='ocrx_word' id='word_1_214' title='bbox 1229 1716 1310 1748; x_wconf 82' lang='lat' dir='ltr'>oue</span> <span class='ocrx_word' id='word_1_215' title='bbox 1329 1701 1604 1762; x_wconf 80' lang='lat' dir='ltr'>figenerano</span> <span class='ocrx_word' id='word_1_216' title='bbox 1632 1733 1646 1753; x_wconf 88' lang='lat'>‚</span> <span class='ocrx_word' id='word_1_217' title='bbox 1670 1706 1983 1764; x_wconf 83' lang='lat' dir='ltr'>curiosamente</span> <span class='ocrx_word' id='word_1_218' title='bbox 2019 1706 2057 1766; x_wconf 70' lang='lat' dir='ltr'><em>fi</em></span> 
     </span>
     <span class='ocr_line' id='line_1_28' title="bbox 386 1767 2058 1839; baseline -0.004 -14"><span class='ocrx_word' id='word_1_219' title='bbox 386 1778 589 1839; x_wconf 79' lang='lat' dir='ltr'>raffigura</span> <span class='ocrx_word' id='word_1_220' title='bbox 612 1807 626 1819; x_wconf 86' lang='lat'><strong>.</strong></span> <span class='ocrx_word' id='word_1_221' title='bbox 663 1767 907 1821; x_wconf 83' lang='lat' dir='ltr'>Debuiffet</span> <span class='ocrx_word' id='word_1_222' title='bbox 928 1767 1092 1834; x_wconf 68' lang='lat' dir='ltr'>potitis</span> <span class='ocrx_word' id='word_1_223' title='bbox 1116 1769 1250 1815; x_wconf 81' lang='lat' dir='ltr'>illum</span> <span class='ocrx_word' id='word_1_224' title='bbox 1270 1800 1281 1818; x_wconf 93' lang='lat'>‚</span> <span class='ocrx_word' id='word_1_225' title='bbox 1305 1782 1444 1830; x_wconf 84' lang='lat' dir='ltr'>quem</span> <span class='ocrx_word' id='word_1_226' title='bbox 1469 1767 1689 1815; x_wconf 85' lang='lat' dir='ltr'>vnionem</span> <span class='ocrx_word' id='word_1_227' title='bbox 1709 1768 1831 1817; x_wconf 80' lang='lat' dir='ltr'>dixit</span> <span class='ocrx_word' id='word_1_228' title='bbox 1853 1802 1866 1822; x_wconf 85' lang='lat'>‚</span> <span class='ocrx_word' id='word_1_229' title='bbox 1906 1772 2058 1819; x_wconf 85' lang='lat' dir='ltr'>existi-</span> 
     </span>
     <span class='ocr_line' id='line_1_29' title="bbox 383 1834 2051 1899; baseline 0.003 -16"><span class='ocrx_word' id='word_1_230' title='bbox 383 1859 512 1892; x_wconf 66' lang='lat' dir='ltr'>mare</span> <span class='ocrx_word' id='word_1_231' title='bbox 529 1845 718 1893; x_wconf 77' lang='lat' dir='ltr'>callum,</span> <span class='ocrx_word' id='word_1_232' title='bbox 739 1854 793 1885; x_wconf 88' lang='lat' dir='ltr'>ac</span> <span class='ocrx_word' id='word_1_233' title='bbox 812 1838 1131 1887; x_wconf 85' lang='lat' dir='ltr'>tuberculum,</span> <span class='ocrx_word' id='word_1_234' title='bbox 1157 1849 1210 1880; x_wconf 85' lang='lat' dir='ltr'>ex</span> <span class='ocrx_word' id='word_1_235' title='bbox 1234 1834 1558 1884; x_wconf 78' lang='lat' dir='ltr'>abbundantla</span> <span class='ocrx_word' id='word_1_236' title='bbox 1587 1835 1803 1884; x_wconf 84' lang='lat' dir='ltr'>humoris</span> <span class='ocrx_word' id='word_1_237' title='bbox 1831 1839 2051 1899; x_wconf 84' lang='lat' dir='ltr'>genitum</span> 
     </span>
     <span class='ocr_line' id='line_1_30' title="bbox 385 1901 2055 1970; baseline -0.002 -13"><span class='ocrx_word' id='word_1_238' title='bbox 385 1910 433 1957; x_wconf 91' lang='lat' dir='ltr'>in</span> <span class='ocrx_word' id='word_1_239' title='bbox 459 1912 638 1957; x_wconf 83' lang='lat' dir='ltr'>interna</span> <span class='ocrx_word' id='word_1_240' title='bbox 661 1905 902 1970; x_wconf 84' lang='lat' dir='ltr'>superficie</span> <span class='ocrx_word' id='word_1_241' title='bbox 928 1902 1097 1955; x_wconf 82' lang='lat' dir='ltr'>Testae,</span> <span class='ocrx_word' id='word_1_242' title='bbox 1119 1914 1261 1964; x_wconf 81' lang='lat' dir='ltr'>atque</span> <span class='ocrx_word' id='word_1_243' title='bbox 1289 1901 1379 1950; x_wconf 88' lang='lat' dir='ltr'>hoc</span> <span class='ocrx_word' id='word_1_244' title='bbox 1400 1917 1452 1949; x_wconf 85' lang='lat' dir='ltr'>ex</span> <span class='ocrx_word' id='word_1_245' title='bbox 1470 1918 1526 1951; x_wconf 92' lang='lat' dir='ltr'>eo</span> <span class='ocrx_word' id='word_1_246' title='bbox 1553 1901 1766 1955; x_wconf 86' lang='lat' dir='ltr'>infertur,</span> <span class='ocrx_word' id='word_1_247' title='bbox 1786 1918 1950 1967; x_wconf 81' lang='lat' dir='ltr'>praeter</span> <span class='ocrx_word' id='word_1_248' title='bbox 1982 1921 2055 1954; x_wconf 86' lang='lat' dir='ltr'>ra-</span> 
     </span>
     <span class='ocr_line' id='line_1_31' title="bbox 383 1968 2056 2039; baseline 0.001 -20"><span class='ocrx_word' id='word_1_249' title='bbox 383 1979 583 2033; x_wconf 73' lang='lat' dir='ltr'>tionem,</span> <span class='ocrx_word' id='word_1_250' title='bbox 602 1992 712 2039; x_wconf 75' lang='lat' dir='ltr'>quae,</span> <span class='ocrx_word' id='word_1_251' title='bbox 732 1974 772 2021; x_wconf 91' lang='lat' dir='ltr'>se</span> <span class='ocrx_word' id='word_1_252' title='bbox 787 1971 1000 2023; x_wconf 86' lang='lat' dir='ltr'>ostendet</span> <span class='ocrx_word' id='word_1_253' title='bbox 1018 1968 1210 2034; x_wconf 76' lang='lat' dir='ltr'>quando</span> <span class='ocrx_word' id='word_1_254' title='bbox 1233 1969 1456 2018; x_wconf 85' lang='lat' dir='ltr'>Nautilus</span> <span class='ocrx_word' id='word_1_255' title='bbox 1478 1969 1762 2019; x_wconf 88' lang='lat' dir='ltr'>describetur</span> <span class='ocrx_word' id='word_1_256' title='bbox 1800 1986 1855 2018; x_wconf 85' lang='lat' dir='ltr'>ex</span> <span class='ocrx_word' id='word_1_257' title='bbox 1916 1974 2056 2032; x_wconf 76' lang='lat' dir='ltr'>varijs</span> 
     </span>
     <span class='ocr_line' id='line_1_32' title="bbox 386 2037 2046 2106; baseline -0.001 -18"><span class='ocrx_word' id='word_1_258' title='bbox 386 2046 614 2094; x_wconf 81' lang='lat' dir='ltr'>vnionum</span> <span class='ocrx_word' id='word_1_259' title='bbox 634 2042 891 2106; x_wconf 84' lang='lat' dir='ltr'>piscatibus</span> <span class='ocrx_word' id='word_1_260' title='bbox 930 2039 978 2086; x_wconf 89' lang='lat' dir='ltr'>in</span> <span class='ocrx_word' id='word_1_261' title='bbox 1007 2037 1218 2085; x_wconf 77' lang='lat' dir='ltr'>Maribus</span> <span class='ocrx_word' id='word_1_262' title='bbox 1239 2037 1484 2101; x_wconf 75' lang='lat' dir='ltr'>Vtriusque</span> <span class='ocrx_word' id='word_1_263' title='bbox 1509 2037 1786 2102; x_wconf 74' lang='lat' dir='ltr'>Emispherij</span> <span class='ocrx_word' id='word_1_264' title='bbox 1807 2039 1907 2086; x_wconf 84' lang='lat' dir='ltr'>fieri</span> <span class='ocrx_word' id='word_1_265' title='bbox 1932 2056 2046 2089; x_wconf 91' lang='lat' dir='ltr'>con-</span> 
     </span>
     <span class='ocr_line' id='line_1_33' title="bbox 386 2104 2049 2170; baseline -0.004 -8"><span class='ocrx_word' id='word_1_266' title='bbox 386 2112 545 2166; x_wconf 76' lang='lat' dir='ltr'>suetis,</span> <span class='ocrx_word' id='word_1_267' title='bbox 569 2110 647 2158; x_wconf 85' lang='lat' dir='ltr'>vbi</span> <span class='ocrx_word' id='word_1_268' title='bbox 667 2125 720 2158; x_wconf 82' lang='lat' dir='ltr'>ex</span> <span class='ocrx_word' id='word_1_269' title='bbox 739 2105 944 2157; x_wconf 85' lang='lat' dir='ltr'>oculatis</span> <span class='ocrx_word' id='word_1_270' title='bbox 963 2104 1156 2154; x_wconf 86' lang='lat' dir='ltr'>testibus</span> <span class='ocrx_word' id='word_1_271' title='bbox 1178 2137 1189 2156; x_wconf 88' lang='lat'>‚</span> <span class='ocrx_word' id='word_1_272' title='bbox 1211 2120 1453 2170; x_wconf 83' lang='lat' dir='ltr'>nunquam</span> <span class='ocrx_word' id='word_1_273' title='bbox 1476 2106 1522 2152; x_wconf 87' lang='lat' dir='ltr'>in</span> <span class='ocrx_word' id='word_1_274' title='bbox 1547 2107 1748 2167; x_wconf 82' lang='lat' dir='ltr'>gratiam</span> <span class='ocrx_word' id='word_1_275' title='bbox 1777 2107 2049 2156; x_wconf 69' lang='lat' dir='ltr'>viiionum.»</span> 
     </span>
     <span class='ocr_line' id='line_1_34' title="bbox 389 2170 2050 2238; baseline -0.004 -8"><span class='ocrx_word' id='word_1_276' title='bbox 389 2185 559 2230; x_wconf 86' lang='lat' dir='ltr'>Incolae</span> <span class='ocrx_word' id='word_1_277' title='bbox 580 2178 808 2229; x_wconf 81' lang='lat' dir='ltr'>Nautilos</span> <span class='ocrx_word' id='word_1_278' title='bbox 829 2175 1123 2238; x_wconf 83' lang='lat' dir='ltr'>expiscantur</span> <span class='ocrx_word' id='word_1_279' title='bbox 1147 2205 1160 2223; x_wconf 89' lang='lat'>‚</span> <span class='ocrx_word' id='word_1_280' title='bbox 1182 2171 1282 2221; x_wconf 75' lang='lat' dir='ltr'>imo</span> <span class='ocrx_word' id='word_1_281' title='bbox 1319 2172 1468 2236; x_wconf 67' lang='lat' dir='ltr'>prope</span> <span class='ocrx_word' id='word_1_282' title='bbox 1496 2170 1725 2226; x_wconf 81' lang='lat' dir='ltr'>Insulam,</span> <span class='ocrx_word' id='word_1_283' title='bbox 1752 2187 1894 2235; x_wconf 80' lang='lat' dir='ltr'>quam</span> <span class='ocrx_word' id='word_1_284' title='bbox 1918 2175 2050 2224; x_wconf 84' lang='lat' dir='ltr'>Iaba-</span> 
     </span>
     <span class='ocr_line' id='line_1_35' title="bbox 387 2238 2046 2312; baseline 0.001 -23"><span class='ocrx_word' id='word_1_285' title='bbox 387 2248 524 2297; x_wconf 78' lang='lat' dir='ltr'>dium</span> <span class='ocrx_word' id='word_1_286' title='bbox 544 2250 796 2312; x_wconf 73' lang='lat' dir='ltr'>appellant,</span> <span class='ocrx_word' id='word_1_287' title='bbox 812 2243 838 2292; x_wconf 72' lang='grc' dir='ltr'>ἐ</span> <span class='ocrx_word' id='word_1_288' title='bbox 861 2242 1075 2306; x_wconf 82' lang='lat' dir='ltr'>Regione</span> <span class='ocrx_word' id='word_1_289' title='bbox 1097 2238 1458 2302; x_wconf 83' lang='lat' dir='ltr'>prospicientem</span> <span class='ocrx_word' id='word_1_290' title='bbox 1486 2254 1708 2300; x_wconf 80' lang='lat' dir='ltr'>magnam</span> <span class='ocrx_word' id='word_1_291' title='bbox 1742 2241 1922 2287; x_wconf 81' lang='lat' dir='ltr'>Bornaei</span> <span class='ocrx_word' id='word_1_292' title='bbox 1968 2248 2046 2290; x_wconf 87' lang='lat' dir='ltr'>In-</span> 
     </span>
     <span class='ocr_line' id='line_1_36' title="bbox 389 2306 2046 2374; baseline -0.005 -10"><span class='ocrx_word' id='word_1_293' title='bbox 389 2317 536 2366; x_wconf 80' lang='lat' dir='ltr'>sulam</span> <span class='ocrx_word' id='word_1_294' title='bbox 559 2349 575 2374; x_wconf 88' lang='lat'>,</span> <span class='ocrx_word' id='word_1_295' title='bbox 615 2316 691 2363; x_wconf 85' lang='lat' dir='ltr'>vix</span> <span class='ocrx_word' id='word_1_296' title='bbox 713 2326 881 2361; x_wconf 87' lang='lat' dir='ltr'>notum</span> <span class='ocrx_word' id='word_1_297' title='bbox 905 2311 968 2358; x_wconf 89' lang='lat' dir='ltr'>est</span> <span class='ocrx_word' id='word_1_298' title='bbox 991 2306 1190 2359; x_wconf 86' lang='lat' dir='ltr'>Vnionis</span> <span class='ocrx_word' id='word_1_299' title='bbox 1224 2322 1395 2355; x_wconf 85' lang='lat' dir='ltr'>nomen</span> <span class='ocrx_word' id='word_1_300' title='bbox 1417 2322 1430 2358; x_wconf 92' lang='lat'>;</span> <span class='ocrx_word' id='word_1_301' title='bbox 1473 2307 1694 2370; x_wconf 84' lang='lat' dir='ltr'>quamuis</span> <span class='ocrx_word' id='word_1_302' title='bbox 1720 2311 1845 2354; x_wconf 77' lang='lat' dir='ltr'>Mare</span> <span class='ocrx_word' id='word_1_303' title='bbox 1886 2308 2002 2356; x_wconf 88' lang='lat' dir='ltr'>illud</span> <span class='ocrx_word' id='word_1_304' title='bbox 2031 2344 2046 2368; x_wconf 94' lang='lat'><strong><em>,</em></strong></span> 
     </span>
     <span class='ocr_line' id='line_1_37' title="bbox 388 2371 2047 2437; baseline -0.006 -4"><span class='ocrx_word' id='word_1_305' title='bbox 388 2383 610 2434; x_wconf 82' lang='lat' dir='ltr'>foecunda</span> <span class='ocrx_word' id='word_1_306' title='bbox 643 2385 697 2430; x_wconf 80' lang='lat' dir='ltr'>fit</span> <span class='ocrx_word' id='word_1_307' title='bbox 734 2379 1045 2430; x_wconf 87' lang='lat' dir='ltr'>Nautilorum</span> <span class='ocrx_word' id='word_1_308' title='bbox 1068 2373 1260 2423; x_wconf 83' lang='lat' dir='ltr'>fodina.</span> <span class='ocrx_word' id='word_1_309' title='bbox 1320 2371 1505 2423; x_wconf 78' lang='lat' dir='ltr'>Piscatu</span> <span class='ocrx_word' id='word_1_310' title='bbox 1544 2373 1738 2437; x_wconf 84' lang='lat' dir='ltr'>quidem</span> <span class='ocrx_word' id='word_1_311' title='bbox 1766 2390 1936 2422; x_wconf 88' lang='lat' dir='ltr'>omnes</span> <span class='ocrx_word' id='word_1_312' title='bbox 1975 2378 2047 2423; x_wconf 86' lang='lat' dir='ltr'>in-</span> 
     </span>
     <span class='ocr_line' id='line_1_38' title="bbox 386 2441 2047 2506; baseline -0.006 -5"><span class='ocrx_word' id='word_1_313' title='bbox 386 2453 523 2502; x_wconf 84' lang='lat' dir='ltr'>hiant</span> <span class='ocrx_word' id='word_1_314' title='bbox 542 2450 731 2499; x_wconf 81' lang='lat' dir='ltr'>cuidam</span> <span class='ocrx_word' id='word_1_315' title='bbox 773 2447 1038 2496; x_wconf 82' lang='lat' dir='ltr'>Biualuium</span> <span class='ocrx_word' id='word_1_316' title='bbox 1063 2441 1229 2506; x_wconf 87' lang='lat' dir='ltr'>speciei</span> <span class='ocrx_word' id='word_1_317' title='bbox 1253 2475 1265 2494; x_wconf 89' lang='lat'><strong>,</strong></span> <span class='ocrx_word' id='word_1_318' title='bbox 1309 2456 1453 2505; x_wconf 78' lang='lat' dir='ltr'>quam</span> <span class='ocrx_word' id='word_1_319' title='bbox 1496 2443 1723 2489; x_wconf 58' lang='lat' dir='ltr'>Aufftores</span> <span class='ocrx_word' id='word_1_320' title='bbox 1772 2457 1865 2489; x_wconf 91' lang='lat' dir='ltr'>non</span> <span class='ocrx_word' id='word_1_321' title='bbox 1906 2445 2047 2505; x_wconf 81' lang='lat' dir='ltr'>pauci</span> 
     </span>
     <span class='ocr_line' id='line_1_39' title="bbox 390 2508 2046 2582; baseline -0.002 -20"><span class='ocrx_word' id='word_1_322' title='bbox 390 2521 602 2571; x_wconf 78' lang='lat' dir='ltr'>ostream</span> <span class='ocrx_word' id='word_1_323' title='bbox 619 2518 852 2582; x_wconf 82' lang='lat' dir='ltr'>appellant</span> <span class='ocrx_word' id='word_1_324' title='bbox 868 2548 882 2567; x_wconf 89' lang='lat'><strong><em>‚</em></strong></span> <span class='ocrx_word' id='word_1_325' title='bbox 901 2527 1064 2578; x_wconf 83' lang='lat' dir='ltr'>aptato</span> <span class='ocrx_word' id='word_1_326' title='bbox 1085 2509 1150 2556; x_wconf 89' lang='lat' dir='ltr'>illi</span> <span class='ocrx_word' id='word_1_327' title='bbox 1173 2511 1378 2573; x_wconf 82' lang='lat' dir='ltr'>generali</span> <span class='ocrx_word' id='word_1_328' title='bbox 1413 2509 1604 2557; x_wconf 80' lang='lat' dir='ltr'>nomine</span> <span class='ocrx_word' id='word_1_329' title='bbox 1632 2508 1904 2560; x_wconf 85' lang='lat' dir='ltr'>Ostreorum</span> <span class='ocrx_word' id='word_1_330' title='bbox 1932 2544 1942 2561; x_wconf 92' lang='lat'><strong>‚</strong></span> <span class='ocrx_word' id='word_1_331' title='bbox 1964 2527 2046 2575; x_wconf 84' lang='lat' dir='ltr'>per</span> 
     </span>
     <span class='ocr_line' id='line_1_40' title="bbox 387 2575 2048 2653; baseline -0.007 -17"><span class='ocrx_word' id='word_1_332' title='bbox 387 2588 520 2653; x_wconf 88' lang='lat' dir='ltr'>quod</span> <span class='ocrx_word' id='word_1_333' title='bbox 538 2599 694 2634; x_wconf 84' lang='lat' dir='ltr'>totum</span> <span class='ocrx_word' id='word_1_334' title='bbox 719 2582 768 2630; x_wconf 91' lang='lat' dir='ltr'>id</span> <span class='ocrx_word' id='word_1_335' title='bbox 791 2597 963 2630; x_wconf 88' lang='lat' dir='ltr'>nomen</span> <span class='ocrx_word' id='word_1_336' title='bbox 983 2577 1155 2640; x_wconf 86' lang='lat' dir='ltr'>accipit</span> <span class='ocrx_word' id='word_1_337' title='bbox 1173 2609 1187 2629; x_wconf 90' lang='lat'><strong>,</strong></span> <span class='ocrx_word' id='word_1_338' title='bbox 1211 2576 1345 2641; x_wconf 89' lang='lat' dir='ltr'>qnod</span> <span class='ocrx_word' id='word_1_339' title='bbox 1369 2576 1492 2624; x_wconf 79' lang='lat' dir='ltr'>intra</span> <span class='ocrx_word' id='word_1_340' title='bbox 1513 2575 1716 2639; x_wconf 83' lang='lat' dir='ltr'>asperam</span> <span class='ocrx_word' id='word_1_341' title='bbox 1737 2592 1789 2623; x_wconf 85' lang='lat' dir='ltr'>ex</span> <span class='ocrx_word' id='word_1_342' title='bbox 1810 2577 1958 2625; x_wconf 88' lang='lat' dir='ltr'>humo</span> <span class='ocrx_word' id='word_1_343' title='bbox 1981 2593 2048 2625; x_wconf 83' lang='lat' dir='ltr'>te·</span> 
     </span>
     <span class='ocr_line' id='line_1_41' title="bbox 387 2642 2043 2711; baseline -0.003 -12"><span class='ocrx_word' id='word_1_344' title='bbox 387 2657 502 2704; x_wconf 87' lang='lat' dir='ltr'>stam</span> <span class='ocrx_word' id='word_1_345' title='bbox 525 2654 678 2702; x_wconf 84' lang='lat' dir='ltr'>viuere</span> <span class='ocrx_word' id='word_1_346' title='bbox 709 2650 984 2701; x_wconf 82' lang='lat' dir='ltr'>consueuit3</span> <span class='ocrx_word' id='word_1_347' title='bbox 1017 2644 1210 2711; x_wconf 65' lang='lat' dir='ltr'>proprie</span> <span class='ocrx_word' id='word_1_348' title='bbox 1266 2658 1420 2693; x_wconf 86' lang='lat' dir='ltr'>tamen</span> <span class='ocrx_word' id='word_1_349' title='bbox 1461 2642 1565 2690; x_wconf 87' lang='lat' dir='ltr'>sunt</span> <span class='ocrx_word' id='word_1_350' title='bbox 1591 2647 1803 2706; x_wconf 74' lang='lat' dir='ltr'>quaedam</span> <span class='ocrx_word' id='word_1_351' title='bbox 1843 2645 2043 2694; x_wconf 84' lang='lat' dir='ltr'>leuiores</span> 
     </span>
     <span class='ocr_line' id='line_1_42' title="bbox 391 2711 2046 2783; baseline -0.003 -18"><span class='ocrx_word' id='word_1_352' title='bbox 391 2722 617 2774; x_wconf 70' lang='lat' dir='ltr'>Conchae,</span> <span class='ocrx_word' id='word_1_353' title='bbox 642 2720 841 2783; x_wconf 80' lang='lat' dir='ltr'>figuram</span> <span class='ocrx_word' id='word_1_354' title='bbox 860 2715 988 2781; x_wconf 75' lang='lat' dir='ltr'>quasi</span> <span class='ocrx_word' id='word_1_355' title='bbox 1008 2718 1211 2779; x_wconf 83' lang='lat' dir='ltr'>planam,</span> <span class='ocrx_word' id='word_1_356' title='bbox 1238 2717 1282 2759; x_wconf 64' lang='grc' dir='ltr'>δε</span> <span class='ocrx_word' id='word_1_357' title='bbox 1300 2713 1568 2760; x_wconf 84' lang='lat' dir='ltr'>circularem</span> <span class='ocrx_word' id='word_1_358' title='bbox 1592 2711 1829 2760; x_wconf 57' lang='lat' dir='ltr'>imitantes</span> <span class='ocrx_word' id='word_1_359' title='bbox 1854 2745 1866 2764; x_wconf 91' lang='lat'>‚</span> <span class='ocrx_word' id='word_1_360' title='bbox 1914 2725 1961 2760; x_wconf 89' lang='lat' dir='ltr'>vt</span> <span class='ocrx_word' id='word_1_361' title='bbox 1981 2715 2046 2760; x_wconf 82' lang='lat' dir='ltr'>vi-</span> 
     </span>
     <span class='ocr_line' id='line_1_43' title="bbox 386 2777 2047 2842; baseline -0.005 -5"><span class='ocrx_word' id='word_1_362' title='bbox 386 2789 558 2839; x_wconf 77' lang='lat' dir='ltr'>dentur</span> <span class='ocrx_word' id='word_1_363' title='bbox 580 2803 705 2835; x_wconf 90' lang='lat' dir='ltr'>num.</span> <span class='ocrx_word' id='word_1_364' title='bbox 739 2801 779 2833; x_wconf 77' lang='lat' dir='ltr'>x.</span> <span class='ocrx_word' id='word_1_365' title='bbox 815 2784 962 2833; x_wconf 76' lang='lat' dir='ltr'>Classe</span> <span class='ocrx_word' id='word_1_366' title='bbox 983 2801 1027 2835; x_wconf 86' lang='lat'>2.</span> <span class='ocrx_word' id='word_1_367' title='bbox 1077 2786 1122 2828; x_wconf 88' lang='lat'>&amp;</span> <span class='ocrx_word' id='word_1_368' title='bbox 1152 2783 1180 2828; x_wconf 74' lang='grc' dir='ltr'>εὶ</span> <span class='ocrx_word' id='word_1_369' title='bbox 1223 2777 1482 2828; x_wconf 73' lang='lat' dir='ltr'>Brasilianis</span> <span class='ocrx_word' id='word_1_370' title='bbox 1507 2780 1830 2841; x_wconf 86' lang='lat' dir='ltr'>exprimuntur</span> <span class='ocrx_word' id='word_1_371' title='bbox 1846 2781 2047 2842; x_wconf 87' lang='lat' dir='ltr'>proprio</span> 
     </span>
     <span class='ocr_line' id='line_1_44' title="bbox 388 2844 2051 2919; baseline -0.005 -14"><span class='ocrx_word' id='word_1_372' title='bbox 388 2857 580 2906; x_wconf 87' lang='lat' dir='ltr'>nomine</span> <span class='ocrx_word' id='word_1_373' title='bbox 605 2854 698 2901; x_wconf 88' lang='lat' dir='ltr'>illis</span> <span class='ocrx_word' id='word_1_374' title='bbox 721 2852 945 2914; x_wconf 80' lang='lat' dir='ltr'>impolito</span> <span class='ocrx_word' id='word_1_375' title='bbox 967 2884 979 2900; x_wconf 84' lang='lat'><strong>.</strong></span> <span class='ocrx_word' id='word_1_376' title='bbox 1022 2845 1293 2912; x_wconf 81' lang='lat' dir='ltr'>Eriripebas,</span> <span class='ocrx_word' id='word_1_377' title='bbox 1313 2847 1442 2911; x_wconf 85' lang='lat' dir='ltr'>quod</span> <span class='ocrx_word' id='word_1_378' title='bbox 1461 2844 1594 2892; x_wconf 86' lang='lat' dir='ltr'>sonat</span> <span class='ocrx_word' id='word_1_379' title='bbox 1613 2846 1808 2902; x_wconf 70' lang='lat' dir='ltr'>ostreum</span> <span class='ocrx_word' id='word_1_380' title='bbox 1826 2847 2007 2919; x_wconf 59' lang='lat' dir='ltr'>planunJ</span> <span class='ocrx_word' id='word_1_381' title='bbox 2038 2883 2051 2896; x_wconf 90' lang='lat'><strong>.</strong></span> 
     </span>
     <span class='ocr_line' id='line_1_45' title="bbox 395 2912 2050 3028; baseline -0.004 -59"><span class='ocrx_word' id='word_1_382' title='bbox 395 2926 423 2975; x_wconf 69' lang='grc' dir='ltr'>ἐι</span> <span class='ocrx_word' id='word_1_383' title='bbox 446 2924 590 2974; x_wconf 83' lang='lat' dir='ltr'>Persis</span> <span class='ocrx_word' id='word_1_384' title='bbox 611 2955 624 2976; x_wconf 81' lang='grc'>,</span> <span class='ocrx_word' id='word_1_385' title='bbox 646 2927 689 2970; x_wconf 89' lang='lat'>&amp;</span> <span class='ocrx_word' id='word_1_386' title='bbox 711 2918 737 2969; x_wconf 61' lang='lat' dir='ltr'><strong>a</strong></span> <span class='ocrx_word' id='word_1_387' title='bbox 757 2916 965 2970; x_wconf 79' lang='lat' dir='ltr'>Piscariae</span> <span class='ocrx_word' id='word_1_388' title='bbox 988 2915 1162 2968; x_wconf 83' lang='lat' dir='ltr'>Incolis</span> <span class='ocrx_word' id='word_1_389' title='bbox 1177 2947 1189 2962; x_wconf 92' lang='lat'>.</span> <span class='ocrx_word' id='word_1_390' title='bbox 1227 2914 1419 2981; x_wconf 77' lang='lat' dir='ltr'>Cheripo</span> <span class='ocrx_word' id='word_1_391' title='bbox 1444 2912 1664 2962; x_wconf 77' lang='lat' dir='ltr'>dicuntur</span> <span class='ocrx_word' id='word_1_392' title='bbox 1685 2945 1700 2967; x_wconf 88' lang='lat'>‚</span> <span class='ocrx_word' id='word_1_393' title='bbox 1719 2915 1843 2963; x_wconf 82' lang='lat' dir='ltr'>Teste</span> <span class='ocrx_word' id='word_1_394' title='bbox 1863 2916 2050 3028; x_wconf 53' lang='grc' dir='ltr'>Ξοεέιο,</span> 
     </span>
    </p>
   </div>
  </div>
 </body>
</html>
