2144 3218
533 174 653 247 PR
674 155 1083 242 OBLEMA
1125 165 1306 236 XIII.
1499 184 1632 235 '211

60 305 124 357 ,in
145 303 333 373 punstis
375 304 443 352 D.
463 306 512 353 F.
534 300 632 349 'vbi
673 298 962 363 reliquarum
1001 291 1273 344 cellularum
1330 288 1497 338 circuli
1545 288 1589 335 se
1627 299 1729 334 tan-

66 389 187 440 gunt
213 408 226 428 ,
244 373 347 422 cera
363 372 498 421 dabit
521 372 681 419 locum
701 382 755 416 ex
776 369 845 418 D,
873 368 917 411 &
945 365 994 411 F.
1025 374 1120 425 qua
1154 372 1286 424 parte
1307 358 1604 431 obstaculum
1627 357 1726 404 nul-

52 446 161 492 lum
198 441 455 507 apponitur
476 472 492 497 ,
532 434 700 501 nempe
736 435 860 483 circa
900 429 1075 496 punfta
1110 430 1230 479 LO.
1256 425 1526 486 Quodfiin
1544 426 1727 473 circulo

50 512 287 577 »QApis
306 513 452 558 altera
468 519 652 572 premat
676 518 730 552 ex
752 500 916 551 eadem
959 496 1142 547 ratione
1179 494 1318 544 debet
1346 495 1387 541 se
1414 507 1548 542 arcus
1574 505 1730 541 exten·

59 578 186 631 dere,
206 591 371 626 contra
404 576 673 638 oppofitam
710 583 895 633 partem
910 564 1077 614 circuli
1107 569 1167 613 A·
1190 563 1267 610 vbi
1287 561 1729 635 obstaculum-nul·

58 648 158 693 lum
183 643 352 709 reperit
373 675 385 694 ‚
431 638 736 688 inclinabitur
774 647 1026 701 propterea
1060 631 1222 681 versus
1250 636 1288 680 Ι.
1319 633 1379 679 O.
1416 642 1559 693 atque
1581 644 1648 701 ‘m
1669 630 1727 687 ijs

55 714 243 776 punctis
259 709 528 759 adnectetur
546 704 772 761 materia,
801 719 905 769 quae
944 700 1176 748 circulum
1207 698 1435 748 referebat
1455 730 1466 749 ,
1488 709 1726 768 parique)

40 776 392 841 -compreffione
422 776 614 825 adnexa,
631 770 879 820 resultabit
917 782 1129 832 exagona
1162 766 1318 829 figura
1335 781 1390 814 ex
1421 762 1727 839 necestitate>

55 845 258 893 materiae
283 843 548 892 obedientis
569 837 812 905 impulsui,
835 835 972 901 quod
995 835 1189 899 negauit
1208 838 1467 899 Kepplerus
1489 864 1502 885 ,
1525 831 1603 879 vbi
1634 844 1728 879 tra-

59 912 155 961 stat
172 912 228 960 de
249 912 399 975 figura
428 909 676 975 sexangula
694 940 709 961 ‚
737 922 881 971 quam
908 905 988 951 nix
1005 902 1149 950 refert
1170 936 1184 957 ,
1218 916 1268 950 vt
1299 904 1596 966 repraesentat
1636 903 1711 947 Tar

57 978 167 1028 bula
185 979 261 1028 hic
284 978 500 1043 apposita
519 983 576 1027 X.
600 982 650 1029 Z,
696 974 874 1025 Verum
911 971 968 1018 de
999 972 1091 1018 hoc
1122 969 1350 1020 curiosius
1370 968 1656 1033 scripserunt
1675 967 1725 1016 in

56 1047 282 1095 Meteoris
310 1052 521 1095 Renatus
541 1045 598 1092 de
625 1048 792 1093 Cartes
814 1073 829 1098 ,
856 1046 900 1088 &
922 1040 1074 1088 olaus
1101 1043 1304 1102 Magnus
1325 1039 1372 1085 in
1397 1038 1722 1086 Gothorum„

55 1114 268 1162 Historia
288 1146 301 1159 .
341 1112 615 1162 Dicendum
636 1110 788 1175 igitur
823 1108 1005 1158 ratione
1029 1108 1231 1155 materiae
1254 1105 1523 1155 obedientis
1550 1104 1722 1168 impul-

53 1179 125 1228 sui
150 1179 352 1231 alicuius
394 1181 578 1245 agentis
618 1179 820 1242 figuram
860 1173 1134 1234 huiusmodi
1165 1174 1413 1223 resultare.
1467 1171 1555 1220 Sed
1581 1188 1721 1220 non-2

50 1247 213 1296 omnia
253 1247 361 1296 sunt
382 1263 436 1296 ex
453 1263 573 1304 cera,
596 1261 747 1311 neque
768 1243 932 1294 omnia
948 1259 1001 1291 ex
1022 1242 1268 1291 accidente
1306 1239 1566 1289 extrinseco
1599 1238 1723 1303 figu-

49 1328 149 1362 ram
168 1314 392 1367 induunt‚
437 1331 582 1379 quam
608 1313 845 1364 referunt.
882 1315 1034 1361 Multa
1057 1310 1187 1362 ,imo
1207 1313 1432 1375 pleraque
1455 1308 1603 1356 libera
1640 1323 1721 1357 na-

53 1379 259 1434 scuntur,
288 1387 356 1439 vel¹
379 1381 427 1429 in
445 1382 746 1436 humoribus,
770 1384 845 1432 vel
866 1380 914 1427 in
952 1394 1070 1437 aere,
1091 1394 1188 1426 non
1211 1379 1334 1440 aptis
1360 1377 1450 1426 alia
1473 1391 1719 1439 corporata

51 1459 301 1498 terminare
321 1483 335 1503 ‚
358 1466 470 1498 cum
507 1451 710 1498 termino
749 1448 848 1513 ipsa
868 1461 1093 1497 careant...
1136 1445 1351 1495 *Aliunde*
1384 1446 1535 1508 igitur
1555 1443 1716 1506 figurae

47 1530 304 1579 corporum
339 1516 633 1579 effinguntur
653 1549 667 1561 .
703 1515 928 1563 Diuersas
978 1514 1192 1561 videmus
1222 1513 1362 1559 iness'e
1382 1513 1563 1562 formas
1584 1528 1719 1560 com-

43 1583 269 1631 munibus
290 1582 475 1632 Salibus
495 1615 511 1639 ,
562 1596 669 1630 cum
712 1580 925 1629 concreti
956 1577 1284 1643 gemmascunt
1305 1611 1318 1632 ,
1335 1578 1543 1629 diuersas
1574 1579 1715 1629 Nitro

46 1648 151 1696 imo
171 1649 348 1712 liquori
367 1649 582 1702 cuilibet,
606 1665 714 1698 cum
740 1647 1158 1699 subsidit,humore
1173 1649 1401 1698 exsiccato
1420 1682 1433 1698 .
1470 1650 1543 1697 Sal
1568 1651 1715 1697 Gem-

52 1730 131 1763 ma
151 1715 365 1764 funditur
388 1717 621 1781 perpetuo
647 1731 701 1764 ex
723 1715 927 1767 frustulis
946 1713 1281 1779 grandioribus
1301 1748 1315 1768 ‚
1356 1715 1573 1763 cubicam
1611 1716 1711 1763 for-

41 1797 167 1830 mam
190 1783 444 1832 ferentibus
474 1820 486 1834 .
551 1789 603 1831 In
640 1783 926 1833 Antimonio
962 1782 1238 1832 Obseruauit
1274 1782 1559 1847 Hipocrates
1581 1781 1711 1832 nasci

39 1847 241 1912 figuram
268 1855 615 1916 Tctragonam‚
662 1855 736 1901 Sal
771 1851 958 1901 indicus
994 1852 1042 1898 in
1077 1849 1280 1914 figuram
1314 1850 1706 1916 Pyramidalenm

36 1918 412 1980 quadrangulam
435 1920 677 1968 exacuitur
694 1936 707 1973 3
735 1920 920 1972 alumen
941 1918 989 1966 in
1009 1916 1158 1969 cubos
1181 1951 1195 1976 ,
1216 1916 1459 1969 salnitrnm
1494 1919 1544 1966 in
1561 1918 1705 1968 tubu-

37 1984 132 2034 los,
153 1986 284 2045 quod
305 1997 417 2033 tunc
444 1985 621 2037 visitur,
641 1988 835 2052 quando
859 1987 1065 2035 solutum
1084 1986 1148 2034 est
1179 1988 1228 2035 in
1252 1988 1501 2037 humorem
1521 1986 1701 2036 illum-2

33 2053 244 2101 colatum
273 2067 326 2098 ex
359 2050 571 2104 stercore,
591 2068 691 2117 quo
715 2053 998 2105 educitur‚&
1022 2066 1220 2103 vocatur
1235 2055 1703 2112 maestra,calcantus

38 2116 87 2164 in
109 2117 308 2181 figuram
333 2120 620 2168 racemosam
661 2119 881 2169 densatur
899 2152 913 2177 ,
935 2120 1068 2168 salex
1089 2120 1304 2169 humoris
1324 2121 1528 2170 siccitate
1557 2121 1704 2170 subti-

34 2187 99 2233 les
121 2187 168 2231 in
191 2187 362 2235 crustas
385 2219 398 2238 ‚
420 2187 680 2251 aliqnando
721 2187 768 2235 in
785 2201 942 2251 partes
962 2185 1185 2236 minimas
1202 2186 1358 2236 farinae
1378 2187 1702 2239 minutiffimae

35 2254 301 2302 consimiles
328 2285 339 2306 ,
380 2267 428 2302 vt
451 2255 607 2302 videre
626 2255 689 2302 est
728 2255 776 2302 in
800 2255 946 2304 Maris
965 2255 1212 2305 littoribus
1236 2256 1459 2318 lapidosis
1485 2291 1498 2310 ,
1541 2263 1585 2305 &
1615 2259 1701 2305 ali-

32 2319 225 2382 quando
245 2321 293 2369 in
313 2321 554 2371 duriorem
582 2321 888 2384 substantiam
910 2355 924 2374 ,
942 2322 1090 2387 lapidi
1106 2338 1204 2373 non
1223 2323 1483 2373 absimilem
1505 2359 1518 2378 ,
1564 2325 1696 2373 vehe-

38 2388 262 2437 mentiori
308 2389 419 2452 igne
456 2390 685 2439 exficcato
707 2423 719 2437 .
770 2390 878 2439 Imo
899 2391 1069 2440 Vvillis
1103 2406 1199 2440 non
1237 2389 1385 2440 solnm
1414 2393 1691 2448 contendit,

38 2453 226 2526 singulis
248 2455 423 2506 salibus
446 2489 460 2514 ‚
502 2474 625 2522 quos
669 2457 993 2522 Primigenios
1014 2472 1190 2508 vocant
1209 2491 1221 2510 ‚
1269 2461 1491 2523 proprias
1512 2461 1688 2525 figuras

35 2522 171 2566 inefle
194 2520 303 2594 ,sed
329 2539 404 2573 eas
421 2523 575 2573 afl‘erit
612 2524 874 2575 obseruass'e
896 2527 945 2575 in
965 2526 1186 2575 omnibus
1206 2528 1389 2579 Salibus
1409 2545 1462 2576 ex
1499 2529 1694 2593 singulis

32 2588 311 2651 corporibus
329 2605 424 2639 arte
444 2593 702 2657 Spagirica!
721 2594 936 2643 extrastis
963 2627 976 2646 ,
1002 2594 1311 2644 induentibus
1343 2599 1535 2661 singulis
1574 2597 1696 2662 figu-

33 2668 132 2729 ram
155 2671 261 2728 cum
283 2655 523 2708 subsidunt
546 2694 559 2713 ,
581 2665 872 2725 extimatque
893 2663 966 2709 his
998 2662 1213 2725 partibus
1232 2659 1580 2714 subsidentibus
1623 2666 1692 2713 in-

31 2720 193 2771 didlssc
233 2726 387 2773 Deum
406 2727 624 2777 virtutem
648 2729 1034 2778 communicandi
1068 2729 1269 2795 figuram
1290 2731 1350 2790 ijs
1368 2733 1652 2797 corporibus
1679 2769 1691 2787 .

27 2787 87 2835 ad
113 2805 316 2864 quorum
339 2796 732 2858 compositionem
755 2810 1044 2845 concurrunt
1070 2831 1083 2850 ,
1112 2813 1197 2846 vna
1220 2814 1326 2846 cum
1352 2798 1595 2864 spiritibus
1619 2818 1694 2849 ve-

26 2857 344 2917 getabilibus:
385 2868 496 2930 Sunt
517 2868 634 2911 enim
658 2896 673 2920 ,
703 2864 860 2928 inquit
886 2865 964 2911 ille
986 2897 997 2915 2
1026 2864 1149 2913 Sales
1188 2865 1257 2920 iste·
1282 2868 1517 2917 Elementa
1546 2871 1693 2919 velun
1737 2893 1801 2934 15*
1820 2890 1966 2934 serm&

21 2922 211 2980 secunda
248 2957 264 2982 ‚
303 2931 356 2978 Θ
402 2936 458 2975 ab
505 2945 656 2978 eornm
720 2935 765 2980 in
805 2930 1067 2996 corporibus
1091 2930 1306 3043 1insitione
1355 2940 1539 3001 propriae
1578 2968 1590 2986 ,
1639 2944 1686 2989 cs]
1733 2925 1894 3000 ιἐςξιῖη.

1008 3002 1056 3045 D
1075 3015 1090 3044 t
1183 3015 1218 3044 2.
1511 3006 1628 3050 nati-

1753 891 1926 936 Diaei-e.»
1950 906 1981 945 5,

1751 947 1868 1003 mm.
