2144 3218
466 214 599 275 190
844 237 850 246 ·
877 188 1109 261 BARS
1165 186 1522 266 TERTIA

845 414 1374 490 PROBLEMA
1424 419 1503 490 V.

508 574 652 642 Cur
698 568 1053 642 nascantur
1092 574 1183 737 inT
1178 577 1358 644 Mari
1379 574 1618 672 potius,
1643 600 1882 672 quam,
1920 606 1922 609 ·

1011 666 1080 737 in
1187 676 1370 737 erra?

479 857 622 907 Strea,
638 870 746 918 quae
769 870 822 904 ex
839 859 980 904 Terra
1001 856 1159 920 genita
1176 897 1192 918 ‚
1212 855 1260 904 in
1281 871 1334 905 ea
1353 857 1532 923 degunt
1557 892 1570 912 ,
1593 864 1665 912 vel
1700 859 1898 924 speciem
1922 875 2015 911 non

514 921 691 969 variant
709 956 722 975 ,
745 940 852 973 cum
873 924 1076 973 notabili
1108 923 1258 975 solum
1297 924 1564 975 diuersitate
1588 927 1902 976 accidentium
1922 929 2010 976 im-

353 987 499 1051 pressa
520 995 859 1052 appareanr,vel
885 993 916 1039 si
935 993 1088 1054 plures
1114 991 1394 1043 diuiduntur
1416 993 1463 1040 in
1484 994 1686 1058 Species,
1711 996 1776 1042 hae
1809 997 2011 1058 singula4

355 1067 426 1104 res
445 1056 643 1104 omnino
664 1056 799 1107 sunt}
837 1057 1088 1129 omnesque
1125 1059 1314 1109 nornine
1358 1065 1574 1109 Cochleae
1601 1063 2006 1125 comprehendun-

351 1135 539 1174 tur,vna
561 1125 629 1170 vel
651 1127 793 1175 altera
811 1139 1000 1190 excepta
1019 1127 1281 1176 Turbinum
1312 1129 1487 1177 Generi
1507 1129 1809 1178 subordinata
1834 1161 1851 1180 .
1882 1129 2010 1180 Reli-

352 1207 455 1253 quae
478 1223 489 1243 ‚
522 1205 723 1254 quarum
758 1193 874 1242 solas
893 1194 1027 1242 testas
1050 1192 1263 1243 videmus
1286 1195 1463 1245 Ostreis
1479 1211 1650 1246 vacuas
1676 1229 1688 1247 ‚
1734 1200 1803 1244 vel
1839 1195 1888 1243 in
1913 1212 2008 1245 ea...

352 1274 448 1305 non
463 1271 759 1321 generantur,
784 1273 833 1308 vt
848 1261 1103 1324 opinantur
1126 1277 1222 1311 non
1241 1262 1497 1326 paucicap.
1515 1279 1560 1324 7.
1580 1264 1731 1325 prime
1751 1263 1898 1326 partis
1940 1279 2011 1312 re-

353 1327 457 1378 lati,
475 1329 543 1374 vel
575 1327 608 1374 fi
624 1327 860 1391 originem
892 1329 1083 1379 trahunt
1101 1344 1154 1376 ex
1176 1343 1528 1381 terra,numero
1571 1328 1676 1379 sunt
1697 1331 1839 1394 longe
1861 1330 2013 1394 impa-

351 1409 423 1442 res
446 1393 745 1443 multitudini
768 1396 850 1446 sub
888 1398 1020 1449 vndis
1043 1397 1187 1447 maris
1207 1396 1413 1460 degenti,
1438 1402 1480 1444 &
1501 1395 1767 1446 habitanti.
1803 1397 2011 1446 Sentien-

349 1461 463 1508 dum
490 1460 639 1524 igitur
663 1462 724 1510 est
738 1464 963 1527 precipua
987 1464 1190 1529 quadam
1210 1464 1392 1513 ratione
1416 1465 1462 1511 in
1481 1463 1598 1512 mari
1616 1464 1797 1527 potius,
1815 1480 2009 1529 quam,

348 1527 398 1576 in
421 1541 539 1574 terra
558 1532 802 1589 generari.
835 1533 1098 1591 Apparebit
1117 1533 1210 1579 hoe
1230 1562 1243 1579 ‚
1279 1532 1312 1576 fi
1351 1531 1490 1577 tertia
1533 1533 1658 1577 ratio
1693 1532 2010 1582 Problematis

342 1594 665 1642 antecedentis
687 1594 734 1642 in
754 1596 1036 1645 memoriam
1071 1595 1371 1645 reuocabitur
1390 1627 1405 1651 ‚
1429 1601 1471 1642 δε
1493 1597 1752 1644 examinata
1773 1596 2012 1662 vtriusque

349 1661 581 1709 Elementi
601 1661 866 1712 diuersitate
888 1662 1182 1726 perspicuum
1222 1662 1304 1709 fiet
1321 1661 1368 1706 in
1393 1675 1512 1708 terra
1531 1694 1543 1712 ,
1569 1666 1738 1727 nempe?
1760 1665 2005 1712 Elemento

343 1744 397 1776 ex
418 1729 460 1777 se
485 1727 667 1780 adusto,
701 1744 793 1777 non
815 1730 918 1777 dari
941 1729 1192 1783 humidum
1215 1728 1264 1775 in
1289 1742 1340 1777 ea
1356 1727 1569 1776 mensura
1587 1757 1602 1778 ,
1630 1744 1721 1793 qne
1742 1727 1798 1774 iit
1823 1730 2009 1796 Ostrea÷

343 1813 446 1846 rum
467 1795 767 1859 generationi
790 1798 1153 1847 accommodata
1174 1828 1186 1844 .

473 1863 680 1911 secun-da
707 1865 832 1912 ratio
856 1864 1018 1912 inferri
1037 1862 1192 1928 potest
1231 1877 1284 1909 ex
1306 1861 1626 1926 pulcherrima
1654 1861 2009 1913 consonantia-,2

342 1932 390 1976 in
411 1929 552 1977 rebus
585 1931 807 1980 omnibus
830 1946 882 1979 ex
897 1931 1128 1996 oppositis
1163 1930 1380 1994 partibus
1403 1930 1650 1979 resultante
1674 1961 1686 1982 ,
1717 1936 1760 1978 &
1778 1931 2004 1993 quemad-

341 1997 541 2046 modum
564 1997 623 2045 ad
657 1998 1023 2062 impertiendum
1047 1998 1139 2047 suis
1178 1998 1403 2061 operibus
1445 1997 1848 2061 pulchritudinem
1873 2031 1887 2050 ‚
1927 1999 2008 2047 Pi·

338 2066 472 2114 θυι-ε,
487 2079 580 2112 non
598 2063 748 2113 solum
769 2066 1026 2129 perspicuis
1046 2065 1287 2114 coloribus
1305 2068 1443 2112 telam
1465 2065 1662 2114 illustrat
1679 2099 1691 2118 ,
1710 2066 1786 2114 sed
1807 2064 1986 2114 vmbris

335 2132 478 2180 etiarn
511 2131 680 2188 inficit,
700 2132 1055 2185 &-obscurat,&
1078 2132 1311 2181 Statuaria
1331 2148 1426 2181 non
1446 2134 1606 2181 omnia
1623 2133 1833 2180 membra
1855 2147 1998 2194 equa-

335 2201 447 2247 liter
476 2200 796 2264 prominentia
840 2200 1046 2266 effingit,
1095 2215 1176 2247 nec
1196 2198 1398 2262 deprefl'a
1418 2200 1649 2264 equaliter
1672 2230 1689 2255 ‚
1730 2200 1791 2247 fic
1826 2200 2001 2248 enim,

331 2270 516 2329 planam
554 2266 718 2332 potius
755 2263 962 2318 tabulam
998 2268 1219 2316 referrent
1246 2300 1259 2319 ,
1301 2280 1442 2329 quam
1482 2268 1778 2315 simulacrum
1801 2267 1999 2316 artificis

330 2334 436 2382 idea
451 2350 732 2399 conceptum
752 2368 765 2388 ,
789 2338 856 2385 ita
881 2337 929 2385 in
952 2338 1047 2385 hoc
1083 2333 1249 2383 Mundi
1272 2333 1458 2390 theatro
1488 2367 1501 2386 ,
1528 2336 1559 2383 fi
1584 2333 1753 2396 vbique
1778 2334 1865 2381 Hos
1891 2349 1998 2382 orn-

328 2403 398 2450 nis
428 2417 636 2452 vernaret
653 2434 666 2454 ‚
696 2418 995 2454 autumnaret
1014 2402 1169 2454 omnis
1189 2400 1365 2450 fructus
1386 2433 1398 2452 ‚
1436 2417 1575 2448 omne
1600 2402 1760 2449 vinens
1786 2415 1996 2464 erumpe-

326 2482 398 2516 ret
414 2502 426 2522 ,
470 2471 633 2520 omnia
655 2471 821 2536 vbique
846 2472 1026 2521 inculto
1060 2471 1253 2518 horrore
1276 2465 1579 2533 syluescerent
1597 2502 1610 2521 ,
1638 2481 1803 2531 atque,
1822 2482 1868 2515 vt
1895 2484 1992 2516 me-

324 2536 414 2585 lius
452 2536 843 2590 dicam2informe
867 2541 1024 2589 Chaos
1046 2538 1207 2587 omnia
1237 2535 1575 2586 confunderet.
1629 2538 1792 2585 Voluit
1831 2535 1985 2599 supre-

325 2620 428 2651 mus
448 2605 629 2653 Artifex
655 2605 813 2654 Chaos
834 2608 1018 2657 mundo
1039 2603 1339 2668 congenitum
1361 2602 1385 2650 ἐ
1410 2603 1591 2652 inundo
1611 2603 1863 2658 excludere,
1891 2608 1978 2652 Lu-

321 2686 418 2718 cem
437 2686 689 2735 propterea
712 2675 874 2722 diuisit
891 2678 918 2722 a
950 2672 1189 2723 Tenebris,
1212 2677 1371 2735 Aquas
1388 2671 1417 2716 a
1435 2669 1976 2733 Tei-ra,ger111inantibus

317 2741 428 2786 hinc
447 2740 556 2786 inde
574 2741 752 2802 partito
775 2742 980 2803 quodam
1002 2739 1162 2788 ordine
1202 2751 1317 2799 terre¹
1353 2738 1599 2800 partubus,
1619 2754 1671 2784 ex
1702 2753 1802 2801 qno
1827 2738 1980 2785 admi-

317 2805 484 2853 rabilis
513 2808 594 2854 illa
632 2809 1001 2867 pulchritudinis
1022 2806 1329 2856 consonantia
1345 2806 1536 2852 resiliret
1562 2837 1574 2855 ‚
1618 2820 1708 2868 que
1748 2804 1928 2853 nonnisi
1949 2804 1976 2850 a

313 2885 472 2921 mente
497 2889 566 2919 res·
594 2888 755 2923 omnes
777 2879 935 2937 capaci
958 2876 1052 2924 {inu
1086 2874 1420 2934 complectente
1446 2873 1661 2934 potuerit
1686 2871 1976 2934 excogitari.

446 2942 557 2989 Haec
593 2939 747 2988 obiter
782 2943 1009 2993 inlinuata
1047 2942 1133 2990 {int
1161 2941 1207 2988 in
1233 2941 1434 3000 gratiam
1477 2938 1743 2989 Aristotelis
1787 2937 1978 3013 barmo-

1771 3019 1901 3054 inam
