2144 3218
608 145 1150 224 PROLBEMA·
1174 149 1338 230 XV.-
1508 174 1570 226 <³2
1583 182 1662 239 19

93 296 196 348 pter
218 282 405 336 Natura
425 280 475 336 in
494 279 750 329 extruenda
767 278 944 330 domo,
964 275 1164 339 figuram
1184 275 1435 327 rotundam
1475 277 1637 344 selegit
1657 313 1669 332 ‚
1683 294 1757 331 vce

93 349 208 413 pote
234 348 455 399 omnium
482 348 755 398 facillimam
779 380 792 399 ‚
817 345 876 394 ad
897 345 1332 393 circumrotantium
1354 352 1430 403 ,δε
1459 347 1520 395 ad
1536 348 1646 396 sein
1669 346 1752 397 st>

93 415 240 480 ipsam
263 417 604 482 colligendum,
625 430 678 467 vt.
689 413 987 466 manifestum
1009 410 1140 461 estin
1162 424 1346 462 retorto
1371 417 1593 476 capreolo
1613 413 1752 475 vicie,

89 484 355 534 cucurbitae
376 518 390 538 ,
416 486 735 549 fimiliumque
764 478 1232 547 plantaru111‚quibus
1251 481 1432 528 attente
1451 482 1752 530 consideratis

91 551 273 615 poterit
308 551 628 617 vnusquisque
665 549 850 599 curiosa
901 546 1230 596 obseruatione
1273 548 1614 611 deprehendere
1658 549 1748 598 iri-2

92 619 393 670 Turbinatis‚
422 620 599 682 figuras
619 615 820 668 omnino
847 628 939 662 tres
966 612 1024 662 ad
1048 629 1101 662 ea
1141 612 1388 663 formanda
1404 630 1718 666 concurrere-2
1735 647 1751 671 ‚

90 683 306 747 spiralem
334 687 506 752 nempe)
535 719 549 739 ,
585 697 778 749 propter
800 682 1047 731 continuas
1070 679 1216 744 spiras
1236 714 1250 734 ‚
1291 682 1468 745 quibus
1488 683 1538 733 in
1573 682 1616 732 se
1641 698 1754 730 con-

89 764 370 814 torquentur
401 787 414 800 .
450 753 820 820 Pyramidalem‚
853 748 1081 815 quoniam
1107 764 1160 796 ex
1184 763 1283 801 ore,
1309 750 1356 796 in
1375 767 1474 814 quo
1493 752 1569 823 est·
1594 750 1750 825 basis-2

86 815 135 863 in
157 821 383 881 punetum
409 819 454 868 se
490 822 726 885 colligunt
744 819 771 868 a
791 822 934 883 plano
958 820 1192 867 eleuatum
1209 849 1222 869 ‚
1261 819 1484 881 quamuis
1520 815 1754 892 dlaeffimlli-

88 897 156 931 ter
174 886 225 932 in
242 889 484 938 nonnullis
509 924 522 936 .
588 894 643 937 In
679 888 765 936 hac
788 899 949 935 autem
985 884 1253 934 continetur
1288 886 1529 936 circularis
1554 887 1749 949 figura.)

83 953 308 1014 quamuis
333 956 495 1003 nonin
520 955 746 1005 omnibus
766 950 1091 1018 perfeetiffima
1109 985 1122 1004 ‚
1145 969 1247 1015 quae
1268 965 1421 1001 tamen
1439 967 1682 1017 appareret
1717 953 1750 1001 fi

86 1018 302 1081 pofl'ent,
343 1021 388 1068 se
421 1036 524 1072 tota
560 1022 825 1087 explicare,
865 1017 1261 1083 quandoquidem
1298 1034 1541 1085 appareret
1576 1036 1749 1084 corpus

82 1085 282 1136 omnino
306 1089 574 1143 conicum„
605 1095 650 1139 &
676 1088 725 1135 in
747 1103 805 1136 eo
821 1101 978 1152 partes
1000 1086 1167 1140 circuli
1187 1089 1551 1151 proportionem
1570 1087 1752 1162 seruan-

80 1164 150 1198 tes
170 1185 184 1204 ‚
207 1154 383 1203 minori
414 1170 570 1207 tamen
600 1156 779 1221 semper
800 1188 813 1209 ,
855 1160 899 1202 &
920 1153 1097 1222 minori
1132 1155 1412 1221 periphaeria
1437 1188 1453 1209 ,
1489 1156 1749 1208 artificiose

75 1217 383 1276 decrescentis
413 1256 426 1278 ,

547 1382 1074 1455 PROBLEMA
1124 1386 1275 1454 XV.

76 1540 221 1608 Cur
240 1539 608 1610 Turbinara
636 1542 657 1618 ζ
723 1558 798 1607 vt
835 1538 1212 1629 plurimum
1240 1539 1527 1615 habeant
1550 1543 1747 1619 Orifi.

299 1642 483 1703 cium
521 1634 735 1703 Testa:
769 1632 851 1699 ad
874 1631 1225 1700 dexteram
1253 1654 1512 1726 partem

678 1719 1131 1795 Conuersum?

192 1887 530 1936 Onuoluuntur
549 1887 631 1935 tali
655 1890 755 1949 lege
774 1883 1045 1938 Turbinatae
1067 1898 1116 1935 vt
1135 1884 1270 1951 super
1287 1887 1485 1939 humum
1507 1905 1737 1955 repturaJ

221 1951 471 2000 Orifieium
492 1954 637 2003 Testae
667 1954 726 2002 ad
746 1965 926 2015 partem
950 1952 1185 2002 dexteram
1227 1955 1403 2019 semper
1429 1975 1735 2009 conuerrant:

69 2017 341 2067 obseruauit
359 2020 448 2067 hoc
474 2019 594 2068 inter
614 2022 897 2067 recentiores
927 2021 1161 2068 Martinus
1188 2021 1328 2069 Lister
1364 2024 1440 2070 vbi
1463 2027 1616 2080 dixit,
1640 2030 1736 2077 Te-
1780 2063 1819 2107 Τ
1877 2066 1906 2108 q

69 2070 162 2132 stas'
196 2099 342 2134 motus
363 2086 478 2135 Solis
522 2085 792 2148 obseruando
820 2117 834 2138 ‚
859 2083 1063 2143 dsinislra
1090 2088 1299 2134 dextram
1320 2092 1481 2153 versus
1498 2099 1699 2157 torqueri
1722 2128 1734 2140 .
1781 2077 2008 2173 ςὲἶῖηῗζ)

901 2151 1047 2217 Qod
1074 2165 1122 2199 vt
1144 2155 1313 2202 clarius
1334 2154 1433 2207 fiat,
1464 2156 1736 2211 obseruetur
1780 2173 1891 2215 bina.
1942 2148 1953 2173 ¹

902 2218 1070 2281 figura,
1095 2219 1254 2284 inqua
1271 2221 1452 2284 spiralis
1482 2224 1629 2277 linea.
1667 2237 1726 2278 A.

901 2289 1018 2335 B.C.
1057 2287 1282 2351 supponit
1304 2292 1517 2339 Cochleae
1538 2293 1737 2346 circum-

899 2355 1195 2403 uolutionem
1214 2389 1226 2403 .
1267 2357 1465 2407 Initium
1486 2360 1587 2409 haec
1621 2361 1736 2413 facit

899 2421 1105 2472 §.centro
1130 2455 1143 2468 .
1183 2426 1245 2471 O.
1282 2440 1432 2490 neque
1474 2432 1739 2480 contorsio-

898 2503 1003 2537 nem
1060 2491 1266 2539 extendit
1309 2493 1464 2542 versus
1527 2499 1568 2544 C
1588 2529 1602 2551 ,
1661 2499 1738 2547 sed

776 2554 786 2562 '
849 2552 863 2564 ’
908 2555 1070 2609 versus
1103 2564 1168 2606 A.
1202 2564 1245 2606 &
1272 2559 1376 2621 post
1411 2562 1459 2609 iu
1495 2563 1737 2628 aliquibus

904 2624 1151 2688 pauciores
1173 2658 1186 2677 ‚
1226 2626 1273 2673 in
1294 2627 1397 2687 alijs
1415 2632 1571 2693 plures
1590 2631 1735 2696 spiras

901 2693 1157 2741 terminum
1175 2694 1318 2744 habet
1353 2695 1505 2746 versus
1524 2707 1582 2747 A.
1619 2716 1739 2750 nun-

897 2776 1041 2824 quam
1065 2760 1216 2809 versus
1239 2766 1279 2812 C
1301 2797 1313 2810 .
1335 2764 1557 2829 Fingatur
1576 2766 1738 2832 itaque

897 2830 1020 2877 linea
1059 2828 1198 2878 dueta
1233 2846 1315 2895 per
1344 2846 1556 2884 centrum
1598 2834 1742 2899 spira-

79 2902 178 2939 tum
203 2890 249 2937 in
267 2893 408 2955 plano
428 2893 700 2945 Orizontali
739 2894 872 2962 qu'od
897 2898 948 2945 sir
976 2900 1104 2948 C.A.
1125 2895 1403 2959 superillam
1424 2900 1603 2966 spiralis
1620 2906 1741 2950 linea

1113 2965 1148 3011 E
1168 2980 1190 3012 e
1262 2982 1292 3016 2
1582 2982 1675 3017 non
