2144 3218
732 63 942 139 cAr:
987 67 1189 143 vn.»
1559 94 1654 158 51*

79 201 324 261 montibus
344 200 538 255 summis
557 196 794 252 inueniri,
810 197 966 252 minus
985 199 1097 250 vero
1113 199 1290 250 mirum
1321 198 1371 248 in
1390 196 1484 248 iuis
1509 198 1710 248 inueniri
1729 233 1746 253 ‚

80 281 129 327 in
151 277 328 342 quibus
349 274 530 337 salsugo
565 269 730 334 aliqua
760 267 822 316 est
845 269 1034 319 marinae
1052 268 1274 332 salsugini
1304 284 1531 333 compar.
1566 267 1749 318 Similis

78 346 204 394 enim
233 343 429 393 materia
449 340 511 390 ad
527 338 706 388 formas
726 338 842 387 tales
866 336 1155 403 recipiendas
1188 335 1252 384 est
1274 351 1386 400 apta
1408 369 1421 389 ‚
1447 335 1749 401 multisquu

84 412 135 460 in
156 413 274 461 locis
299 410 533 476 reperitur
552 441 567 454 .
600 405 737 456 Adde
756 420 930 469 aquam
954 405 1099 454 maris
1128 420 1238 454 curn
1262 402 1351 453 sale
1371 403 1559 453 misceri
1582 437 1596 458 ,
1624 402 1749 453 vnde

74 481 262 544 detergit
279 478 544 542 roboratque
564 474 705 523 ‘valde'
723 474 1032 521 ventriculum
1052 503 1069 522 .
1112 477 1167 520 In
1186 472 1273 521 sale
1307 471 1497 537 insuper
1515 472 1747 520 nitrum..-

77 545 213 593 inesse
228 542 597 609 deprehenditur
615 572 629 593 ‚
670 541 778 603 quia
802 539 1005 586 valedius
1029 555 1164 603 quam
1182 540 1300 600 salsa
1323 556 1442 605 aqua
1474 539 1598 598 mista
1637 555 1743 587 cum

23 640 25 643 ⁴
74 628 124 660 eo
136 614 274 673 soluit
291 624 499 661 ventrem
519 641 533 661 ‚
543 606 773 670 subuertit
791 603 1035 662 stomacum
1054 637 1069 660 ‚
1106 608 1295 664 &facit
1331 608 1536 666 nauseam
1556 639 1571 654 .
1612 603 1750 655 Vnde

45 671 365 726 “inserendum
403 676 533 725 estin
558 670 725 722 multis
759 670 1039 735 regionibus
1057 704 1070 723 ‚
1098 685 1144 719 vt
1165 670 1215 717 in
1240 672 1431 735 AEgipto
1450 687 1544 719 non
1574 670 1750 738 salugi-

68 744 143 791 nis
163 745 314 793 modo
344 778 356 797 ‚
382 743 457 792 sed
482 742 595 792 nitri
624 740 768 788 etiam
788 737 1022 789 feracibus
1041 754 1136 786 non
1157 737 1335 787 mirum
1372 740 1455 785 essc
1479 739 1750 803 Conchylia

74 813 301 875 generari,
323 812 461 861 ficuti
477 819 756 877 generantur
780 805 830 853 in
860 805 1159 856 subterranea
1178 821 1316 856 arena
1334 837 1348 858 ‚
1367 822 1474 871 *quae
1512 808 1622 854 loco
1641 838 1654 858 ,
1702 811 1748 853 δε

75 882 262 930 Natura
283 878 481 929 marinis
515 877 649 928 vadis
670 872 932 938 respondet,
955 874 1065 922 cum
1084 888 1136 923 ea
1156 886 1578 938 temperamentum
1597 874 1753 938 quod-

76 945 189 993 dam
209 948 416 1010 liquoris
440 945 616 996 marini
649 954 836 1008 exugat,
859 945 1055 992 Oceano
1087 941 1137 989 iu
1162 946 1323 990 Terras
1347 938 1524 991 sursum
1541 957 1625 1006 per
1643 957 1752 989 om·-

78 1026 159 1061 nes
176 1017 358 1062 canales
378 1029 551 1078 magna
573 1011 622 1059 vi
639 1011 844 1059 irruente
868 1046 883 1058 .
903 1012 1032 1059 Hinc
1053 1007 1205 1073 igitur
1223 1008 1477 1059 deducitur
1490 1025 1590 1073 quo
1609 1008 1750 1075 pacto

71 1080 253 1142 lapides
289 1081 337 1129 in
354 1083 493 1145 aquis
517 1090 801 1145 generentur
818 1111 832 1131 ,
853 1092 902 1128 vt
921 1077 1198 1128 Aristoteles
1217 1076 1359 1127 docet
1381 1111 1394 1131 ‚
1416 1083 1461 1125 &
1482 1076 1612 1126 cauis
1645 1079 1752 1126 sub-

74 1148 299 1197 terraneis
317 1181 331 1202 ,
364 1154 410 1196 ἃ
430 1146 636 1199 maxime
654 1147 696 1194 ci
718 1161 871 1196 arenae
897 1180 910 1199 ‚
931 1164 1034 1211 quae
1053 1146 1273 1210 proxima
1295 1145 1360 1194 est
1396 1145 1534 1209 aquis
1555 1161 1638 1209 per
1661 1149 1753 1193 Or-

81 1213 345 1264 bemTerrae
365 1216 527 1266 subtus
549 1214 830 1265 meantibus,
853 1214 1012 1278 liquor
1034 1213 1232 1277 quidam
1256 1212 1650 1264 communicetur,
1667 1213 1754 1278 qui

81 1281 460 1345 Conchyliorum
505 1284 682 1345 figuras
721 1279 862 1328 facile
898 1280 1073 1331 induit,
1098 1281 1246 1329 vitam
1273 1280 1416 1328 etiam
1437 1294 1714 1346 accepturus
1734 1314 1749 1335 ‚

71 1346 103 1394 fi
128 1349 262 1397 locus
299 1348 461 1398 vinum
499 1348 777 1411 pisciculum
814 1352 935 1395 alere
969 1346 1118 1410 posset
1141 1379 1155 1398 ‚
1191 1359 1275 1394 aut
1313 1360 1454 1394 etiam
1483 1380 1497 1399 ‚
1541 1361 1590 1395 vt
1609 1360 1750 1412 putat

74 1413 279 1463 Grandi,
308 1416 422 1475 quia
443 1414 493 1459 in
529 1412 725 1460 diuersis
765 1412 948 1459 Oceani
983 1411 1312 1460 alluuionibus
1331 1413 1577 1475 quoddam
1598 1415 1750 1480 proli-

71 1479 216 1528 ficum
252 1480 488 1528 Testarum
530 1478 683 1526 semen
727 1482 884 1531 Terrae
916 1477 1376 1533 communicauerit,
1410 1496 1508 1528 nou
1543 1494 1747 1531 autema

65 1546 179 1611 quia
200 1579 214 1600 ,
254 1559 302 1593 vt
321 1551 500 1596 Recens
530 1548 712 1595 Auctor
733 1545 1287 1610 afferit,Conchyliorum
1326 1547 1620 1612 primigeniae
1642 1566 1747 1613 par-

70 1615 228 1662 ticulae
250 1612 460 1663 fortuito
482 1626 701 1662 coeuntes
726 1613 922 1665 iilorum
951 1614 1158 1664 formam
1191 1615 1483 1667 constituant
1509 1657 1522 1671 .
1555 1618 1746 1668 Somnia

71 1680 168 1728 haec
190 1679 293 1729 sunt
310 1681 687 1730 Athomistarum
706 1711 720 1727 0

202 1755 277 1796 An
294 1762 450 1797 autem
491 1748 704 1812 primum
729 1747 868 1801 ‘sestae
893 1746 1156 1801 formentur
1182 1781 1194 1800 ‚
1213 1763 1272 1797 an
1294 1747 1435 1812 potiu
1459 1764 1480 1796 s
1506 1765 1613 1798 cum
1640 1751 1743 1816 ipso

76 1815 283 1862 Animali
314 1813 558 1868 nascantur
577 1847 591 1868 ,
617 1831 714 1863 non
732 1831 818 1864 vna
847 1814 910 1866 est
947 1815 1069 1862 inter
1089 1818 1321 1865 Aue-tores
1346 1817 1513 1879 opinio
1538 1833 1551 1869 ,-
1589 1822 1742 1867 Gran-

73 1880 143 1932 di,
169 1896 310 1945 quem
335 1881 470 1945 supra
497 1883 750 1934 citauimus
775 1882 1012 1935 Testarum
1047 1883 1215 1932 calices
1240 1896 1345 1932 ante
1379 1884 1568 1935 Animal
1598 1901 1738 1949 gene-

71 1945 165 1995 rari
198 1946 432 2001 affirmat3
469 1947 644 1996 domus
669 1950 792 1997 enim
814 1983 827 2002 ,
863 1963 913 1997 vt
931 1949 1026 2016 ipse
1044 1951 1113 1999 ait
1136 1984 1149 2004 ‚
1170 1949 1396 2000 constitui
1426 1952 1568 1999 debet
1609 1968 1740 2002 ante-

72 2029 218 2077 quam
237 2015 479 2063 habitetur
500 2047 514 2067 ,
545 2031 647 2081 quae
669 2015 830 2077 vtique
870 2017 1036 2077 perfici
1071 2019 1250 2081 poterit
1270 2020 1330 2066 ab
1365 2018 1470 2080 ipso
1493 2020 1699 2068 Animali
1720 2054 1739 2080 ,

74 2096 171 2128 non
191 2094 350 2129 autem
374 2080 590 2129 fundari.
646 2081 773 2129 Huic
794 2080 1027 2128 sententiae
1053 2083 1210 2131 fauere
1234 2084 1412 2146 poterit
1439 2116 1451 2134 ‚
1476 2086 1608 2147 quod
1645 2088 1737 2137 in,

76 2148 278 2196 minutis
316 2147 525 2198 Conchis
542 2148 814 2197 biualuibus
838 2148 1013 2211 pluries
1031 2149 1260 2198 adnotaui
1283 2181 1297 2195 .
1354 2151 1609 2200 Lenticulae
1640 2169 1741 2202 ma·

71 2216 373 2278 gnitudinem
406 2217 494 2264 illae
534 2231 630 2263 non
652 2215 934 2267 excedebant
956 2244 969 2269 a
1009 2215 1256 2271 Testarnm
1275 2217 1426 2267 valuis
1450 2218 1517 2266 ita
1537 2216 1740 2282 perfecie*

73 2283 336 2335 coniunstis
360 2317 373 2337 ‚
395 2298 445 2334 vt
462 2283 606 2332 etiam
628 2283 770 2332 cultri
806 2282 907 2331 acie
942 2284 1113 2346 aperiri
1128 2282 1323 2336 difficile
1353 2285 1532 2348 poss'ent
1552 2319 1565 2338 ,
1588 2303 1738 2337 vacuae

66 2362 220 2398 tamen
248 2382 260 2402 ‚
285 2357 330 2399 &
359 2350 452 2400 fine
475 2353 572 2399 vllo
592 2350 809 2401 animalis
839 2350 1038 2414 vestigio
1071 2352 1247 2416 semper
1265 2352 1474 2401 inuentae
1500 2386 1512 2405 ‚
1555 2353 1740 2404 idcirco

77 2431 366 2480 argumento
408 2431 536 2467 erant
568 2421 748 2468 nullum
769 2419 924 2475 adhuc
946 2419 1136 2469 Animal
1156 2420 1224 2467 ibi
1242 2418 1371 2468 fuisse
1397 2435 1735 2484 generatum-2⁶

68 2483 244 2532 'Verum
273 2486 386 2550 quia
413 2488 530 2534 inter
551 2501 710 2534 arenas
732 2519 745 2538 ,
766 2492 809 2533 &
831 2491 984 2536 lutum
1007 2487 1032 2535 ἐ
1053 2487 1195 2536 maris
1235 2487 1386 2536 fundo
1406 2502 1696 2551 acceptum,
1714 2523 1729 2542 ‚

64 2554 220 2615 plures
241 2584 255 2604 ,
280 2559 324 2601 &
341 2553 537 2618 quidem
577 2552 910 2603 minutiffimas
949 2556 1220 2606 Conchulas
1238 2588 1251 2608 ‚
1313 2569 1403 2620 ope
1431 2555 1738 2621 microscopij

67 2618 407 2681 deprehendere
435 2619 575 2686 potui
617 2621 807 2671 animali
849 2622 987 2675 foetas
1026 2656 1039 2676 ,
1078 2623 1247 2675 clarius
1272 2622 1487 2671 innotuit
1524 2626 1736 2686 generari

71 2686 264 2737 Testa-m
301 2689 453 2742 simul,
481 2694 524 2736 ὅ(
542 2688 751 2741 Animal,
776 2690 912 2739 cuius
947 2691 1147 2740 cadauer
1170 2691 1220 2739 in
1247 2687 1578 2754 Superioribus
1597 2707 1737 2741 non-2

65 2755 336 2816 apparebat,
363 2755 420 2804 eo
461 2755 574 2820 quia
597 2770 723 2805 extra
739 2773 867 2806 mare
885 2759 1058 2807 humor
1074 2759 1151 2807 ille
1175 2757 1543 2821 muccosus‚quo
1567 2756 1738 2806 forma-

68 2819 210 2871 batur
231 2855 243 2876 ‚
281 2838 368 2874 ‚nec
393 2823 507 2872 dum
536 2823 585 2871 in
621 2826 842 2883 callosam
880 2823 1179 2881 substantiam
1213 2826 1472 2877 obduratus
1495 2857 1507 2878 ,
1553 2827 1739 2890 penitus

1063 2897 1110 2947 G
1181 2909 1211 2948 ζ,
1538 2907 1666 2942 exar-

1792 1038 2018 1094 *Meteon-3

1789 1107 1826 1136 c.
1832 1107 1873 1147 3.

1793 1454 1862 1498 De
1903 1458 2028 1505 verit:

1792 1510 1940 1559 diluuiy
1979 1529 2026 1558 v-

1791 1566 1936 1605 muers·

1787 1616 1965 1660 loannes

1790 1670 1989 1716 anmus

1787 1727 1837 1765 GC
1855 1722 2010 1770 fhffihb·
