2144 3218
477 54 514 119 8
532 74 567 117 2
907 50 1133 121 PARS
1184 47 1488 124 PRIMA

380 183 581 233 minoris
620 177 831 227 stultitiae
866 175 1187 228 damnandum
1225 178 1425 227 dixerim
1449 181 1783 233 Domitianum
1809 214 1821 234 ,
1857 179 1941 244 qui
1981 178 2048 226 ri-

380 251 589 297 diculurn
607 245 871 296 Muscarum
896 261 1113 295 venatum
1140 244 1390 297 edoceret3
1449 253 1768 311 Atuunquam
1792 249 1902 297 satis
1943 249 2041 294 lau·

381 315 564 366 dandus
595 315 674 363 ille
688 313 750 362 est
769 347 782 367 ‚
800 315 886 377 qui
900 314 1022 360 inter
1042 311 1258 376 priuatos
1279 312 1481 373 parietes
1507 312 1731 363 laudabili
1751 317 1858 366 otio
1890 312 2038 364 animi

378 381 531 446 gratia
549 398 630 448 per
651 388 939 441 Montes‚per
963 379 1138 429 Valles,
1155 392 1236 442 per
1260 377 1424 429 Maria,
1443 393 1495 425 ac
1515 377 1720 427 Fodinas
1737 382 1816 431 sua
1833 394 2026 431 mente>

378 463 661 514 peruagatur
686 480 699 499 ‚
736 453 780 492 &
797 460 852 490 ex
869 443 1031 506 paucis
1053 459 1210 494 rerum
1245 445 1531 494 naturalium
1570 445 1843 510 fragmentis
1863 483 1882 502 ,,
1919 465 2022 512 quae

381 516 461 565 sub
478 515 628 565 oculis
650 513 807 564 habet,
831 512 1043 571 ingentes
1064 518 1254 563 Naturae
1278 511 1518 563 thesauros
1547 513 1854 579 deprehendit
1881 545 1896 565 ,
1927 527 2037 562 toto

380 588 625 631 Terrarum
645 581 693 629 in
716 581 827 628 orbe
844 579 1082 630 latitantes
1095 614 1107 628 .

513 647 771 701 Prudentes
784 660 1035 712 propterea
1055 680 1068 701 ,
1104 663 1159 697 ac
1178 647 1386 712 praeclari
1407 646 1513 698 Viri
1550 647 1619 696 illi
1639 647 1746 698 sunt
1768 682 1782 702 ,
1804 645 1889 712 qui
1912 642 2042 711 quali

381 716 680 779 Cochleaefind
698 715 903 763 domebus
927 731 1154 780 nunquam
1166 714 1272 777 sint,
1291 718 1441 780 patria
1470 715 1620 764 domo
1655 719 1890 765 exulantes
1912 746 1926 767 ,
1963 729 2041 762 ex-

380 795 486 831 tero
503 784 552 830 iu
574 783 675 830 solo
697 796 796 829 earn
834 783 987 830 colere
1007 796 1194 845 putant,
1215 783 1292 829 vbi
1309 784 1412 847 post
1431 786 1600 847 longas
1616 783 1839 834 itinerum
1855 779 2039 829 dimen-

379 849 531 899 fiones
565 848 748 914 aliquid
783 847 900 898 scitu
921 848 1122 912 dignum
1139 850 1189 897 in
1225 850 1521 910 Accademijs
1545 850 1747 901 audiunt
1771 885 1784 904 ‚
1831 850 1902 896 vel
1938 844 2036 894 visu

381 917 629 981 speciabile
654 916 807 965 oculis
825 915 1042 980 vsurpant
1061 919 1108 965 in
1129 916 1316 974 Museis‚
1331 917 1425 967 siue
1452 919 1480 968 a
1516 924 1699 969 Natura
1719 952 1736 975 ‚
1756 914 1852 967 siue
1870 915 1929 965 ab
1951 919 2042 962 Ar-

382 997 428 1033 te
459 984 755 1051 propositum
772 1017 787 1030 .
824 983 879 1033 Id
897 985 1166 1048 Pitragoras
1190 1017 1204 1038 ‚
1225 984 1273 1032 id
1296 990 1510 1035 Socrates
1532 1019 1546 1041 ,
1569 991 1870 1050 Anaxagoras
1890 1015 1907 1040 ,
1948 983 2048 1028 De-

383 1054 634 1105 mocritus,
658 1052 950 1116 sexcentique
972 1052 1052 1112 alij
1084 1053 1290 1101 fecerunt
1312 1086 1323 1106 ‚
1341 1069 1548 1116 quorum
1576 1053 1672 1102 vita
1695 1085 1707 1105 ,
1730 1067 1779 1100 vt
1820 1048 2037 1114 loquitur

385 1119 589 1168 Sinefius
612 1137 626 1171 ;
671 1119 895 1167 continua
924 1121 1128 1168 Venatio
1150 1118 1261 1176 fuit,
1283 1134 1332 1167 vt
1350 1120 1501 1168 modo
1522 1136 1604 1182 per
1630 1120 1870 1185 AEgiptum
1891 1147 1910 1170 2
1937 1130 2044 1163 mo-

384 1186 450 1235 do
469 1187 515 1233 in
537 1184 736 1236 Graecia,
763 1183 914 1232 modo
935 1187 1063 1249 apud
1101 1184 1276 1234 Persas,
1296 1187 1388 1234 fi-ue*
1411 1188 1556 1233 Indos
1583 1187 1769 1249 aliquid
1792 1182 1910 1231 noui
1931 1213 1942 1232 ‚
1966 1183 2038 1228 vel

383 1267 539 1303 mente
562 1287 573 1306 ‚
597 1255 667 1301 vel
687 1251 846 1301 oculis
861 1249 1201 1316 affequerentur
1222 1268 1235 1304 3
1272 1252 1390 1301 nihil
1437 1265 1664 1315 tanquam
1688 1251 1775 1299 vile
1801 1248 2043 1311 requiren-

381 1322 496 1374 dum
514 1320 597 1369 esse
611 1324 639 1368 a
658 1318 953 1383 Philosopho
972 1336 1063 1381 pro
1081 1332 1330 1381 comperto
1349 1319 1725 1383 habentes‚quod
1748 1318 1796 1364 in
1820 1318 1905 1364 hac
1921 1313 2044 1376 vasta

380 1405 535 1440 rerum
573 1385 883 1438 Vniuerfitate
900 1385 925 1432 e
944 1383 1190 1433 Thesauris
1207 1384 1302 1434 suis
1319 1386 1347 1433 a
1369 1390 1551 1435 Natura
1566 1386 1867 1449 depromitur
1889 1416 1901 1426 .

520 1462 658 1503 Arne
690 1468 742 1500 ex
760 1457 978 1503 Romana
998 1452 1122 1502 Vrbe
1153 1451 1298 1515 longe
1318 1451 1618 1501 aberremus:
1663 1457 1724 1500 Et
1761 1454 1838 1513 qui
1862 1446 2040 1497 tanta-j

370 1525 469 1586 Juit
496 1527 679 1570 Romam
714 1519 802 1568 tibi
835 1520 965 1579 causa
987 1520 1209 1567 videndi?
1251 1532 1298 1566 vt
1315 1520 1435 1567 olim
1457 1519 1671 1567 Tirirum
1694 1521 1936 1580 alloquens
1957 1519 2043 1562 Pa·

383 1589 478 1635 stor
494 1621 507 1644 ,
544 1589 576 1636 fi
595 1587 655 1635 ab
677 1599 963 1649 vnoquoque
995 1599 1159 1632 eorum
1189 1583 1449 1634 sciscitarer
1467 1619 1478 1637 ,
1500 1585 1585 1649 qui
1613 1601 1668 1632 ex
1686 1584 1880 1631 diuerfis
1918 1577 2054 1627 orbis

383 1660 629 1705 Terrarum
672 1653 974 1717 Regionibus
1022 1651 1151 1699 illam
1202 1666 1378 1714 petunt
1399 1669 1413 1706 ;
1451 1668 1545 1699 nou
1582 1651 1775 1714 quidem
1821 1645 2056 1696 libertatis

386 1730 538 1772 Amor
560 1756 571 1774 ,
591 1721 922 1786 responderent
946 1718 1123 1780 opinor
1152 1751 1165 1770 ,
1192 1719 1355 1767 verum
1380 1719 1543 1782 potius
1563 1721 1754 1780 Templa
1791 1716 2056 1778 praeclara-2

385 1789 635 1841 inuisendi‚
662 1787 898 1837 Mausolea
918 1785 1244 1838 celeberrima,
1273 1784 1579 1851 prodigiosas
1601 1782 1978 1839 StatuaS‚Villas‚
1996 1793 2052 1827 ac

389 1856 572 1907 Palatia
592 1888 608 1911 ‚
646 1861 690 1903 &
707 1852 946 1919 quidquid
980 1851 1262 1911 admirabile
1290 1870 1345 1903 ex
1363 1853 1564 1918 antiquae
1588 1855 1752 1902 Romoe
1771 1848 1922 1898 ruinis
1954 1861 2058 1895 eru-

387 1939 508 1975 tum,
528 1926 596 1971 vel
620 1921 757 1986 supra
771 1923 925 1970 ruinas
951 1917 1073 1982 ipsas
1090 1920 1275 1969 constru
1290 1924 1416 1971 stum
1434 1926 1524 1969 Ars
1545 1918 1841 1984 spessandum
1859 1913 2050 1964 adiecit.

391 1990 568 2041 Verum
603 1986 774 2038 saniori
796 1986 1011 2051 profecto
1034 1988 1235 2035 consilio
1279 1989 1519 2037 allicerent
1540 1989 1710 2036 oculos
1729 2001 1831 2049 quae
1858 1983 2052 2031 Natura

390 2056 636 2125 proponit,
654 2072 709 2106 ne
730 2058 845 2104 tales
863 2054 1062 2105 habeant
1085 2085 1100 2105 ‚
1123 2070 1254 2120 quos
1277 2070 1383 2106 anre
1399 2051 1656 2119 nauigandi
1673 2050 1898 2117 peritiam
1917 2047 2058 2097 habe-

394 2129 507 2175 bant
528 2125 761 2176 homiues,
776 2139 884 2173 cum
1193 2150 1201 2157 -

661 2199 750 2241 Sua
782 2190 966 2256 quisque
999 2189 1119 2252 piger
1162 2188 1317 2237 littora
1360 2198 1491 2236 norat

660 2262 906 2321 Patrioque
938 2256 1077 2316 senex
1110 2253 1265 2314 fac‘t'us
1304 2257 1350 2302 in
1370 2269 1499 2316 aruo,

667 2328 814 2372 Paru‘o
831 2323 954 2370 diues
972 2352 986 2377 ,
1021 2319 1097 2381 mfi
1113 2334 1222 2385 quos
1259 2321 1426 2369 tulerat

670 2387 843 2437 Natale
868 2387 1013 2447 solum
1034 2416 1048 2442 ‚
1085 2402 1170 2434 non
1194 2399 1327 2434 norat
1350 2399 1452 2449 opes
1476 2417 1490 2434 .

409 2464 515 2524 Ego
534 2456 729 2522 quidem
755 2487 768 2508 ,
790 2467 839 2502 vt
856 2469 1013 2502 verum
1037 2450 1186 2501 fatear
1205 2483 1218 2502 ‚
1252 2450 1567 2501 admiratione
1602 2449 1778 2513 semper
1793 2444 1936 2510 longe
1959 2460 2060 2494 ma*

407 2529 506 2575 iore
529 2531 717 2575 Naturae
740 2539 861 2585 opus
886 2519 1134 2568 videndum
1154 2517 1267 2567 duxi
1292 2551 1305 2572 ,
1321 2534 1465 2583 quarn
1487 2518 1612 2568 Artis
1639 2548 1653 2569 ‚
1691 2518 1959 2579 praeclarum
2001 2513 2059 2560 li-

405 2608 494 2644 cet,
513 2599 555 2640 &
574 2590 778 2641 numeris
811 2587 1037 2637 omnibus
1053 2585 1328 2635 absolutum
1349 2587 1440 2633 hoc
1479 2586 1600 2637 esl'er,
1621 2585 1737 2634 illud
1761 2582 1872 2632 vero
1891 2579 2058 2630 natiuo

406 2675 594 2709 rantum
610 2661 775 2706 decore
808 2654 1059 2718 praeditum
1081 2686 1096 2702 .
1150 2658 1309 2720 Qam
1327 2651 1521 2702 difficile
1543 2686 1555 2705 ,
1587 2654 1771 2702 aiebam
1798 2687 1810 2707 ,
1848 2656 1945 2698 Ars-
1963 2648 2056 2695 iuis

410 2727 635 2790 operibus
656 2735 810 2787 aequat
831 2727 1060 2772 Naturam
1076 2734 1089 2773 3
1108 2721 1155 2768 Si
1177 2721 1300 2768 enim
1324 2720 1519 2769 statuam
1554 2735 1709 2770 cernat
1728 2722 1893 2769 oculus
1913 2748 1925 2767 ,
1967 2729 2070 2761 ma·

411 2808 499 2845 nus
534 2793 728 2858 scalpris
758 2788 943 2840 munita
980 2820 992 2842 2
1031 2801 1184 2837 mente
1242 2787 1505 2846 adiutrice,
1534 2789 1714 2854 potent
1751 2790 1776 2841 e*
1797 2799 2074 2899 ςῃειιῗηοτυ

1902 2867 2005 2903 ΙΠΠ-
