2144 3218
670 70 1022 147 cLAssxs
1071 73 1170 148 11.
1580 99 1678 168 99

153 230 196 295 7
263 205 430 256 Ρεᾶειι
452 207 499 256 in
520 221 606 259 vna
628 219 810 258 tantum
830 220 965 274 parte
983 211 1164 260 auritus
1184 241 1199 266 ‚
1216 208 1489 277 habensque
1505 208 1638 261 strias
1670 211 1771 259 vai-

239 340 248 349 .
294 274 354 324 ἀὲ
372 276 491 324 inter
526 277 567 325 se
588 276 828 332 distantes,
849 279 1009 327 colore
1027 277 1302 331 affimilatur
1323 280 1450 330 citro
1470 293 1665 330 maturo
1682 310 1697 331 ‚
1723 281 1776 326 δε

109 344 214 403 raro
234 344 473 393 inuenitur
491 377 505 390 .

158 422 195 485 g
269 412 436 462 Pesten
472 413 850 476 planoconuexus
889 427 1060 479 parum
1080 412 1317 464 diffimilis
1359 413 1421 464 ab
1438 430 1498 464 eo
1524 446 1538 468 ,
1576 412 1770 479 quem-,⁷

133 541 143 549 .
306 497 436 530 num.
458 493 502 540 3.
538 477 901 542 descripsimus:
942 480 1100 529 differt
1130 480 1283 531 solum
1315 480 1531 533 striarum
1571 479 1772 544 dispost-

105 552 237 593 tione
265 575 284 595 .
339 547 541 595 Maiores
587 548 711 593 enim
755 547 783 593 a
817 546 1004 596 cardine
1037 548 1097 598 ad
1133 548 1280 598 imam
1308 563 1442 598 oram
1482 549 1630 600 due'iae
1666 548 1772 608 aliis

111 612 429 663 minutiffimis
449 614 569 673 striJ's
606 609 935 663 intersecantur
953 647 968 668 ‚
1011 614 1235 665 vndarum
1261 615 1421 664 seriem
1446 616 1635 681 crispati
1671 629 1777 664 ma·-

108 683 172 728 ris
195 681 499 730 reserentibus
527 698 539 726 ε
564 681 699 731 albus
717 693 767 728 vt
783 681 1061 746 plurimum,
1079 696 1129 732 at
1150 683 1274 732 circa
1289 681 1527 732 cardinem
1543 683 1624 730 vbi
1643 680 1776 730 lineae

110 750 324 799 striarum
340 761 626 798 concurrunt
647 747 899 798 cerafinum
925 782 939 802 ‚
962 763 1048 800 aut
1066 752 1302 801 malacum
1323 751 1534 801 colorem
1551 749 1772 801 ostentat»

111 818 343 883 paulatim
362 832 496 866 oram
512 815 670 865 versus
705 815 913 865 dilutum
932 848 947 865 .

269 888 439 936 Peeren
459 883 670 948 quinque
688 880 872 933 tantum
892 883 970 932 stri
972 883 1015 944 is
1040 898 1310 940 emanatus,
1336 882 1539 947 amplior
1553 882 1729 932 caeteris
1756 914 1771 934 ‚

304 969 411 1002 cum
433 952 657 1001 auriculis
688 949 814 1001 binis
838 950 1104 1016 aequalibus
1122 984 1135 1004 ‚
1151 956 1313 1002 colore
1334 950 1497 1004 albido
1516 949 1664 998 alium
1686 963 1776 998 ter-

114 1039 247 1077 reum
271 1031 457 1084 tegente
476 1050 492 1070 2
507 1019 594 1082 qui
615 1018 738 1068 circa
753 1032 888 1068 oram
921 1017 1248 1070 minutiffimis
1270 1053 1284 1075 ‚
1302 1026 1347 1072 &
1367 1017 1689 1083 frequentibus
1713 1016 1777 1066 ri-

118 1094 262 1146 muns
285 1091 493 1150 fignatus
515 1097 709 1149 apparet
726 1118 740 1132 .

125 1186 206 1230 ιο
273 1151 533 1218 Singularis
556 1184 569 1204 ,
594 1159 638 1202 &
660 1155 908 1217 praeclarus
933 1152 1103 1202 Peaen
1125 1151 1201 1202 hie
1232 1156 1297 1203 est
1316 1188 1328 1202 .
1387 1152 1592 1203 Videtur
1609 1165 1663 1199 ex
1691 1150 1784 1199 tri-

306 1223 396 1270 bus
433 1220 585 1268 valuis
604 1220 809 1268 constare
826 1253 841 1278 ,
865 1234 954 1269 vna
970 1220 1104 1269 alteri
1142 1219 1504 1286 superimposita
1525 1253 1538 1267 .
1577 1219 1780 1268 Vnicam

119 1306 275 1343 tamen
293 1287 451 1337 habet,
475 1285 635 1335 testam
655 1320 668 1339 ‚
705 1289 932 1352 operculo
953 1287 1253 1339 coniundiam
1272 1322 1286 1343 ,
1305 1289 1384 1339 sed
1406 1287 1559 1342 tribus
1581 1286 1631 1335 in
1662 1287 1783 1355 locis

115 1355 363 1425 gibbosam
383 1386 398 1402 .
435 1355 586 1402 Color
606 1354 674 1402 illi
690 1353 754 1402 est
774 1368 925 1404 aeneus
946 1370 1056 1402 cum
1073 1355 1260 1403 nitore.

128 1455 152 1496 Ι
173 1456 198 1496 1
276 1421 444 1471 Persten
465 1433 572 1464 cum
600 1420 776 1477 fascijs‚
797 1418 1043 1467 subalbum
1077 1422 1287 1467 colorem
1329 1420 1472 1470 habet
1493 1420 1618 1470 circa
1636 1422 1786 1472 cardis

275 1501 383 1535 nem
404 1498 514 1532 cum
532 1483 656 1535 flauo
673 1483 919 1535 confusum
935 1483 984 1535 in
1004 1486 1164 1536 medio
1183 1487 1371 1551 punffls
1389 1488 1536 1553 nigris
1564 1487 1783 1555 frequen.

118 1576 188 1613 ter
208 1567 448 1608 notatum.

131 1654 155 1698 ι
173 1657 211 1701 2
277 1621 588 1671 Pefflunculus
613 1650 626 1671 ‚
647 1618 697 1666 in
716 1634 817 1684 quo
840 1617 977 1682 supra
1012 1620 1190 1671 flauum
1221 1625 1425 1671 colorem
1466 1627 1658 1674 macuiae
1675 1638 1784 1675 canc-

310 1687 429 1735 didae
450 1719 464 1739 ,
485 1692 529 1734 δε
551 1700 799 1735 cruentatae
819 1684 1007 1750 serpunt
1026 1690 1117 1737 fine
1145 1694 1323 1749 regula.

121 1792 150 1835 ι
170 1784 198 1844 3
278 1755 589 1805 Peftunculus
606 1751 926 1804 minutiffimis
939 1753 1060 1816 strijs
1078 1757 1105 1804 εὶ
1123 1769 1285 1806 centro
1304 1757 1363 1808 ad
1385 1772 1517 1806 oram
1538 1756 1743 1821 fignacus
1765 1772 1778 1809 ἱ

312 1821 450 1885 supra
466 1825 672 1871 colorem
705 1821 1001 1880 onichinum,
1020 1841 1118 1889 quo
1140 1824 1337 1889 tegitur,
1364 1822 1519 1883 fasciis
1543 1824 1781 1888 nigrican-

118 1896 248 1947 tibus
270 1888 495 1950 cingitur,
516 1891 582 1935 vel
605 1889 793 1951 punstis
812 1890 1050 1952 plumbeis
1082 1891 1318 1958 roseisque
1340 1888 1547 1955 aspersis·

133 1987 214 2047 14
280 1955 408 2005 Striae
428 1954 568 2005 huius
585 1955 788 2004 Pestinis
812 1956 992 2019 rugosae
1016 1958 1123 2008 sunt
1162 1959 1211 2007 in
1239 1959 1455 2023 parribus
1489 1953 1781 2022 depressiori-

311 2023 400 2069 bus
417 2054 431 2072 2
455 2022 504 2068 in
523 2021 910 2070 eminentioribus
942 2024 1052 2072 vero
1071 2026 1286 2089 lenigatae
1305 2058 1321 2076 .
1380 2027 1557 2074 Colore
1593 2022 1747 2072 liuido
1765 2053 1781 2073 ι

119 2090 391 2153 notulisque
414 2087 566 2139 flatus,
594 2103 644 2135 ac
666 2088 813 2136 roseis
832 2088 1015 2151 fignato
1035 2122 1048 2136 .
1310 2089 1313 2090 ⁷

131 2185 202 2247 ις
279 2156 446 2207 Pesten
469 2155 687 2203 omnium
708 2154 1020 2218 longiffimus‚
1063 2155 1248 2206 leuibus
1291 2156 1425 2222 rugis
1449 2155 1637 2206 striatus
1663 2187 1676 2207 ‚
1703 2170 1784 2204 co-=

308 2227 408 2272 lore
426 2256 439 2276 ,
474 2237 524 2270 vt
536 2222 794 2288 plurimum
819 2222 1084 2277 mustelino,
1107 2237 1189 2273 aut
1206 2223 1453 2289 subnigro,
1484 2223 1620 2272 flauis
1651 2224 1781 2270 notis

119 2300 378 2347 maculato,
394 2291 442 2338 in
463 2291 649 2339 cardine
681 2303 837 2339 autem
861 2290 1189 2344 balaustinum2
1211 2307 1296 2344 aut
1319 2292 1514 2356 igneum
1535 2292 1738 2340 ostentat
1767 2322 1782 2335 0

128 2362 375 2416 Inuenitur
405 2359 548 2407 eriam
573 2357 803 2410 vnicolor,
823 2358 991 2422 nempe*
1012 2374 1222 2413 croceus,
1257 2358 1532 2423 sulphureus
1567 2391 1581 2412 ‚
1599 2355 1787 2422 sangui·

124 2449 254 2486 neus,
274 2431 459 2493 igneus,
476 2425 632 2479 ruber,
647 2425 1122 2489 puniceus,ciuereus‚
1140 2432 1186 2476 &
1204 2426 1422 2477 aurantio
1448 2425 1612 2475 fimilis
1637 2459 1651 2473 .

135 2525 162 2573 1
175 2508 218 2572 6
294 2499 458 2545 Peften
478 2493 614 2542 roseo
632 2496 790 2542 colore
807 2526 821 2546 ,
839 2509 979 2558 quem
1004 2495 1214 2560 quinque
1233 2494 1349 2546 striae
1372 2494 1540 2543 albida:
1562 2528 1573 2546 ,
1608 2500 1653 2542 δε
1672 2490 1789 2540 ins-

121 2596 125 2598 -
323 2565 452 2627 quali
482 2561 701 2611 distantia
719 2559 954 2625 dispofitae
977 2562 1200 2612 diuidunt
1222 2599 1236 2611 .
1289 2562 1445 2612 Huius
1471 2562 1634 2625 speciei
1674 2562 1791 2607 alter

128 2630 322 2698 depingi
343 2632 432 2680 hoc
467 2629 517 2677 in
550 2632 661 2678 loco
680 2629 827 2693 posset
856 2645 962 2679 cum
982 2630 1105 2692 striis
1130 2629 1296 2681 liuidis
1315 2663 1330 2684 ,
1355 2628 1563 2695 aspersus
1587 2630 1788 2679 colore>

116 2701 283 2755 viridi,
305 2697 718 2751 subflauodurido,
738 2701 783 2744 δε
797 2711 1033 2760 porraceo
1059 2731 1074 2749 .

131 2789 211 2855 ¹7
285 2766 482 2818 Concha
506 2765 682 2814 Persica
702 2766 727 2814 ἐ
743 2764 863 2811 mari
887 2768 1086 2818 Persico,
1119 2766 1198 2814 vbi
1228 2765 1448 2818 nascitur,
1477 2763 1603 2812 dicta
1622 2797 1636 2811 0
1674 2764 1796 2810 Cor-

121 2856 130 2862 ·
314 2834 456 2885 tieem
480 2833 617 2883 habet
638 2834 877 2898 asperum,
898 2839 942 2883 &
967 2834 1195 2900 rugosum
1222 2866 1236 2891 ,
1257 2836 1388 2882 luteo
1423 2837 1582 2884 colore
1600 2860 1616 2885 ,
1664 2829 1794 2908 intus

1141 2906 1189 2953 N
1286 2917 1315 2951 2
1618 2911 1725 2943 vero
